3146 4832
856 234 897 300 32
965 330 981 334 Η

294 453 352 497 ser.
383 454 467 496 num.
499 429 584 496 vind.
616 433 768 517 oap.15:
813 429 850 498 ‘ah
882 429 941 521 γάρ
973 458 1004 500 τι
1035 435 1171 522 πρᾶγμα
1203 430 1260 499 καί
1287 430 1412 515 συνεχὲς
1442 424 1464 521 ἡ

293 537 449 622 πόλις..
469 534 535 606 οὐδ’
562 539 670 629 ἕτερον
693 539 729 622 ἐξ
751 537 859 628 ἑτέρου
881 544 926 627 τῷ
947 534 1047 629 χρόνιμ
1074 537 1246 625 γινόμενον,
1271 534 1354 606 άλλά
1377 563 1463 623 συμ-

293 647 405 727 παδὲς
432 642 482 714 tel
510 645 566 713 καὶ
594 643 712 713 οἰκεῖον
740 639 827 734 αὑτῷ
854 645 913 712 καί
941 648 1052 712 πᾶσαν
1079 631 1123 713 ὧν
1152 644 1289 735 πράττει
1312 643 1398 713 κατὰ
1422 645 1464 714 τὸ

293 751 399 820 κοινὸν
428 745 448 844 ἢ
476 751 616 843 ἔπραξεν
647 750 755 819 αἰτίαν
792 752 850 819 καί
883 750 976 839 χάριν
1009 747 1255 839 άναδεχόμενονς
1286 759 1466 837 sequuntur

292 859 435 945 exempla
456 858 635 939 Homerica,
658 881 737 944 quae
753 857 922 922 Plutarcho
937 880 1030 943 quam
1046 859 1180 923 maxime
1202 858 1368 924 familiaria
1386 881 1464 923 esse

292 965 385 1030 modo
408 964 546 1030 diximus
552 990 561 1046 ;
591 964 725 1051 denique
748 965 916 1051 explicatio
939 963 1136 1031 concluditur
1157 974 1325 1052 praecepto
1346 965 1464 1030 morali

291 1094 332 1136 ex
354 1080 465 1158 poetae
488 1073 593 1137 verbis
619 1071 770 1152 deducto,
797 1071 831 1136 id
858 1071 943 1158 quod
965 1094 1092 1159 prorsus
1120 1095 1161 1137 ex
1184 1072 1268 1138 illius
1291 1095 1376 1137 more
1399 1081 1464 1138 est

292 1178 403 1265 Itaque
435 1178 494 1245 hoo
520 1179 673 1245 scholium
701 1179 887 1265 fragmentis
910 1180 1124 1245 commentarii
1154 1178 1354 1245 inserendum
1383 1201 1460 1245 esse

292 1285 484 1352 confidimus.

397 1393 436 1458 In
459 1394 580 1459 scholio
602 1393 643 1458 ad
665 1418 695 1458 v.
721 1396 783 1460 306
807 1394 967 1480 Patzigius
994 1392 1176 1459 recordatur
1197 1416 1264 1480 cap.
1287 1398 1307 1458 2
1331 1393 1461 1459 Solonis

293 1502 385 1567 vitae.
429 1502 498 1566 Nos
522 1501 565 1566 ihi
588 1501 666 1565 nihil
688 1501 830 1565 invenire
852 1502 1011 1588 potuimus
1034 1523 1096 1586 quo
1120 1501 1272 1565 scholium
1287 1500 1461 1566 Plutarcho

292 1608 532 1673 adiudicandum
555 1631 625 1673 esse
647 1616 821 1694 appareret.

396 1715 449 1779 Ex
471 1715 589 1780 scholio
612 1715 654 1780 ad
676 1739 707 1780 v.
729 1719 795 1780 475
818 1714 959 1800 (Gaisf.):

450 1816 610 1907 εὐοχθέων
632 1819 660 1891 δ
678 1820 762 1904 ίξεαι
785 1821 902 1890 πολιὸν
925 1821 982 1912 ἔαρ

291 1929 388 1994 verba
415 1926 586 2014 εὐοχθέων,
617 1930 778 1998 τουτέστιν
801 1926 838 1998 οὗ
861 1929 1069 2010 κεκοπιακὼς
1096 1922 1139 2010 ὡς
1165 1929 1200 1998 τό
1224 1924 1382 2016 (κάματον
1407 1927 1456 1998 εὖ·

291 2030 449 2123 κάματον’
482 2030 562 2128 παρ’
588 2032 747 2129 Εὐριπίδῃ
779 2036 947 2100 Plutarcho
978 2035 1087 2100 deberi
1119 2035 1201 2101 idem
1235 2044 1319 2101 recte
1347 2039 1456 2101 statuit

292 2145 429 2229 allegans
453 2152 543 2208 amat.
568 2161 635 2229 cap:
652 2147 708 2225 15,
730 2142 771 2207 de
794 2152 893 2228 tranq.
916 2144 1007 2208 anim.
1031 2165 1097 2229 cap.
1115 2145 1145 2222 6,
1168 2166 1208 2207 an
1231 2146 1297 2208 seni
1321 2165 1390 2229 cap.
1409 2147 1449 2222 20,

291 2251 404 2335 quibus
431 2251 508 2315 locis
531 2250 685 2315 adductus
708 2251 867 2317 invenitur
890 2250 1062 2316 versiculus

449 2355 551 2425 πόνον
573 2352 651 2449 ἡδὺν
674 2350 819 2443 κάματόν
841 2353 868 2425 τ)
887 2353 1077 2443 εὐκάματον.

396 2464 507 2550 Neque
531 2466 633 2530 minus
656 2487 696 2529 ex
719 2464 837 2529 scholio
854 2464 901 2529 ad
923 2487 954 2530 v.
979 2468 1041 2528 522
1066 2462 1207 2547 (Gusfllz

451 2566 470 2592 >l
753 2566 770 2591 (λ

448 2599 546 2662 ηματι
569 2571 728 2660 χειμερίῳ,
752 2566 797 2638 στ’
822 2564 971 2652 άνόοτεος
993 2562 1030 2639 ὃν
1051 2569 1143 2638 πόδα
1166 2572 1267 2640 τένδει

290 2679 502 2743 testimonium
525 2679 725 2743 Aristotelis:
748 2674 968 2770 Ἀριστοτέλης
990 2678 1027 2746 δέ
1053 2703 1134 2771 φησι
1161 2681 1282 2765 ψεῦδος
1309 2673 1392 2746 εἶναι
1423 2676 1455 2745 τὸ

290 2784 374 2853 κατά
397 2784 470 2867 τούς
492 2780 705 2866 πολύποδας·
723 2781 840 2865 αὐτοῦς
861 2783 921 2876 γάρ
937 2782 1071 2866 ἓαοτούς
1091 2783 1137 2875 μὴ
1153 2783 1360 2868 καδεσδίειν,
1383 2780 1452 2853 ἀλλ’

290 2887 356 2961 ὗπδ
380 2896 444 2960 τῶν
465 2890 638 2981 παχοάριον
654 2890 890 2960 κατεσθίεσθαι
903 2891 1073 2956 Plutarcho
1094 2891 1202 2957 deberi
1221 2900 1305 2956 recte
1326 2891 1455 2956 arbitra·

289 3006 341 3062 tur
363 3021 546 3085 comparans
562 2998 602 3063 de
618 2999 685 3063 soll.
701 3021 750 3063 an.
765 3021 832 3084 cap.
849 3002 905 3064 27:
928 3000 966 3068 τδ
988 3000 1046 3084 μὲν
1069 2999 1128 3090 γάρ
1152 2993 1250 3067 αὑτοῦ
1272 2997 1330 3081 τάς
1352 3002 1453 3068 πλεκ-

290 3100 387 3187 τάνας
409 3105 605 3174 καδεσδίειν
628 3103 725 3175 αὐτὸν
748 3105 869 3195 ψεῦδός
891 3108 980 3174 ε’στι·
1003 3104 1039 3173 τὸ
1068 3107 1104 3174 δὲ
1129 3105 1287 3195 μύραιναν
1315 3108 1453 3175 δεδιέναι

291 3214 346 3281 καί
369 3210 499 3303 χόχχρον
521 3209 646 3307 ἀληθές
668 3214 754 3281 ἐστιν
767 3220 787 3281 1.

396 3320 434 3384 In
459 3320 578 3385 scholio
601 3319 642 3384 ad
666 3343 695 3384 v.
721 3322 784 3384 715
808 3342 853 3406 sq.
877 3319 1016 3404 (Geistlt

447 3420 603 3518 μηδέποτ’
629 3420 801 3527 οὗλομένην
823 3427 936 3521 πενίην
959 3426 1176 3519 θομοφθόρον
1200 3424 1291 3519 άνδρί

448 3528 579 3602 τέτλαθ’
604 3530 782 3619 ὀνειδίζειν,
805 3534 958 3623 μακάρων
981 3534 1069 3602 δόσιν
1093 3534 1166 3603 αἰὲν
1189 3534 1304 3604 ἐόντων

400 3820 408 3848 ¹
428 3818 525 3874 Errore
543 3821 676 3891 scriptum
695 3837 752 3874 esse
770 3820 799 3873 in
817 3818 921 3876 scholio
938 3818 1078 3890 παγούρων
1096 3838 1146 3893 pro
1164 3822 1282 3890 γόγγρων
1297 3819 1377 3875 docet
1391 3836 1451 3874 curu

294 3908 338 3962 hic
356 3908 432 3962 locus
451 3908 632 3964 Plutarcheus
651 3915 712 3962 tum
730 3909 892 3963 Aristoteles
911 3910 978 3977 (περὶ
996 3911 1075 3972 ζώων
1093 3928 1152 3981 cap.
1164 3911 1192 3974 2)
1209 3912 1248 3965 sic
1266 3910 1372 3964 dicens:
1392 3906 1451 3962 ὅδὲ

290 3998 395 4066 λέγουσί
406 4019 480 4062 τινες,
500 3998 536 4057 ὡς
555 3999 632 4057 αὐτὸς
651 3998 729 4052 αὐτὸν
743 3999 823 4071 ἐσθίει
842 4000 942 4067 ψεῦδός
961 3999 1036 4063 ε’σιιν,
1055 4000 1119 4052 ἀλλὰ
1133 4000 1365 4068 κεριεδηδεσμίνας
1379 4000 1449 4068 ἕχον·

291 4106 331 4142 σιν
350 4089 411 4142 ἔνιοι
430 4087 474 4146 τὰς
492 4088 635 4152 πλεκτάνας
654 4088 705 4141 ὐπὸ
723 4095 776 4141 τῶν
793 4089 918 4158 γόγγρων.
