3146 4832
733 260 773 326 13

168 454 299 543 δυσμὰς,
333 449 454 549 ἀνάγκη
487 461 600 526 πᾶσαν
630 451 695 548 ἶριν
728 452 875 549 ἷέντινιρος
900 453 993 550 ἡλίου
1020 457 1206 550 φαίνεσθαι,
1238 453 1334 550 daed

168 556 250 651 ὄψις
271 568 502 654 προσπεσοῦσα
530 570 600 646 ταῖς
628 565 750 654 ῥανίσιν
778 559 968 649 ἀνακλᾶται,
997 560 1078 635 ὥστε
1104 565 1254 655 γίνεσθαι
1276 564 1334 659 τὴν

168 664 241 759 ἶριν.
280 668 361 736 Cum
382 670 433 735 his
455 670 535 736 locis
558 679 643 736 certe
666 694 729 736 non
752 673 854 737 minus
878 671 1090 738 similitudinis
1115 673 1230 738 habere
1252 673 1334 738 iudi·
1392 684 1393 687 ’

168 798 273 842 camus
297 777 483 842 scholiastae
506 777 739 844 adnotationem
762 801 856 865 quam
878 801 949 843 oum
964 778 1128 844 Posidonii
1149 780 1218 845 loco
1241 802 1334 866 quem

166 882 314 949 Flachius
338 884 470 951 fidenter
493 889 622 950 oenset¹
645 886 846 951 ascholiasta
868 888 901 950 in
925 909 1016 951 suum
1038 910 1129 953 usum
1148 909 1333 954 conversum

168 1013 249 1072 esse,
271 992 326 1077 qui
348 991 464 1077 legitur
486 991 570 1078 apud
592 992 686 1079 Diog.
709 993 814 1058 Laert.
831 988 903 1061 VH
922 996 1003 1058 152':
1027 987 1092 1083 ἶριν
1115 988 1148 1062 d'
1165 989 1248 1063 εἶναι
1264 1047 1272 1061 .
1290 1047 1297 1062 .
1315 1047 1332 1078 .,

167 1094 212 1178 ὡς
234 1091 456 1181 Ποσειδώνιός
479 1122 577 1191 φησιν
600 1101 686 1191 drag}
702 1103 964 1191 μετεωρολογινῇ,
988 1098 1130 1191 ἔμφασιν
1145 1095 1237 1193 ἡλίου
1252 1100 1332 1193 τμή-

165 1208 266 1291 ματος
287 1198 308 1297 ii
331 1206 462 1298 σελήνης
484 1208 516 1274 έν
538 1207 630 1297 νέφει
654 1208 886 1297 δεδροσισμένῳ
909 1207 1008 1296 κοίλῳ
1032 1209 1088 1275 καὶ
1111 1214 1230 1292 συνεχεῖ
1251 1205 1335 1297 πρὸς

165 1311 366 1403 φαντασίαν,ν
381 1307 425 1394 ὥς
454 1314 486 1381 έν
509 1313 682 1405 κατόπτρῳ
710 1314 953 1406 φανταζομένην
980 1312 1064 1383 κατὰ
1090 1306 1213 1394 κύκλου,
1236 1342 1330 1406 περι-

166 1419 309 1510 φέρειαν.
360 1418 425 1485 Scd
452 1419 503 1485 vel
531 1420 608 1486 haec
627 1420 820 1501 similitudo,
849 1443 928 1507 quae
961 1421 1147 1486 scholiastae
1174 1423 1228 1487 uni
1260 1443 1331 1486 oum

165 1525 298 1590 duorum
314 1527 501 1613 scriptorum
515 1526 594 1592 locis
608 1528 691 1592 inter
706 1550 740 1593 sc
756 1528 864 1593 ahenis
880 1528 1054 1609 intercedit,
1070 1535 1161 1595 caute
1176 1527 1331 1616 agendum

165 1655 235 1698 esse
251 1633 345 1699 docet
367 1641 400 1698 et
422 1636 508 1700 casui
530 1635 602 1721 plus
617 1634 816 1701 tribuendum
840 1630 909 1701 esse
929 1635 980 1700 hic
995 1658 1087 1721 quam
1102 1636 1203 1722 primo
1219 1635 1331 1701 obtutu

164 1739 311 1805 videatur
331 1742 425 1806 licere
436 1748 456 1806 ².
696 1746 701 1755 ’
1182 1815 1183 1820 1

166 1855 170 1863 '
270 1846 361 1913 Hace
376 1848 541 1914 habuimus
557 1871 636 1935 quae
652 1847 692 1914 de
707 1849 766 1914 hac
781 1850 962 1935 quaestione
978 1872 1214 1936 exponeremus,
1229 1872 1330 1936 neque

164 1976 204 2018 ex
237 1957 289 2020 eis
315 1955 443 2041 quidem
474 1955 615 2022 sontibus
648 1957 702 2042 qui
730 1956 824 2022 hodie
856 1956 947 2022 nobis
979 1965 1105 2044 praesto
1136 1964 1210 2023 sunt
1241 1958 1331 2044 plura

163 2061 280 2127 hauriri
307 2085 401 2149 posse
428 2072 583 2149 putamus.
636 2062 720 2130 Utut
746 2086 822 2131 vero
850 2063 890 2129 dc
917 2064 1018 2130 tribus
1046 2065 1124 2129 locis
1155 2064 1217 2129 illis
1248 2064 1330 2129 iudi-

163 2168 302 2250 cabitur,
348 2170 474 2235 illorum
514 2170 749 2236 similitudinem
785 2182 859 2237 cum·
896 2172 974 2237 locis
1015 2171 1212 2237 Plutaroheis
1253 2172 1329 2237 satis

162 2277 286 2340 firmum
314 2299 383 2365 esse
411 2277 562 2343 indicium
589 2279 803 2344 commentarii
831 2302 849 2343 a
875 2278 1044 2344 Plutarcho
1071 2281 1104 2343 in
1131 2278 1329 2365 theogoniam

151 2384 331 2477 'compositi
361 2407 453 2449 nemo
486 2386 545 2450 erit
578 2388 632 2471 qui
664 2394 799 2451 censeat
848 2385 888 2451 In
916 2386 1013 2452 dubio
1041 2386 1137 2472 igitur
1158 2408 1209 2452 res
1235 2386 1329 2451 relin-

163 2489 290 2576 quenda
312 2500 369 2556 est.

269 2597 338 2663 Iam
361 2597 559 2685 aggredimur
581 2598 621 2665 ad
637 2599 797 2664 Plutarchi
820 2599 925 2665 studia
946 2601 980 2664 in
1003 2623 1075 2687 opp.
1091 2600 1252 2666 collocata
1279 2602 1329 2666 Ao

162 2705 298 2791 primum
320 2704 447 2791 quidem
468 2705 502 2770 id
525 2729 653 2794 agemus
676 2715 712 2770 ut
734 2715 767 2772 et
789 2706 964 2793 exploratas
989 2708 1064 2772 olim
1086 2730 1105 2772 a
1126 2708 1203 2774 viris
1226 2707 1328 2773 doctis

161 2813 380 2885 commentarii
402 2813 446 2879 vab
474 2836 512 2878 eo
540 2814 707 2900 compositi
734 2814 881 2900 reliquias
904 2797 1121 2880 ¹examinemus
1144 2822 1189 2896 et,
1212 2815 1239 2880 si
1261 2815 1328 2880 ficri

114 2909 132 2932 ”
161 2921 274 3006 possit,
296 2930 395 2997 nouas
418 2918 611 3008 indagemus.

268 3026 309 3091 In
332 3027 446 3114 quibus
468 3050 618 3114 nequem
637 3027 749 3094 subeat
762 3030 867 3094 mirari
887 3028 972 3115 quod
992 3036 1041 3093 tot
1055 3031 1212 3115 tantisque
1227 3030 1327 3095 oratio

160 3134 300 3199 hiatibus
312 3134 499 3228 deformata
513 3120 667 3217 videatur,
697 3158 767 3200 oum
789 3144 893 3201 tamen
914 3135 1107 3217 Benseleriss,
1135 3134 1327 3218 Sintenisii4,

185 3448 187 3451 ,
268 3401 339 3456 ¹Ci.
359 3402 376 3456 l.
395 3403 412 3456 l.
432 3420 459 3475 p.
479 3405 520 3458 69.

269 3491 279 3520 ²
297 3491 421 3562 Apparet
438 3509 487 3547 eur
505 3501 550 3546 roo
566 3493 647 3561 χάους
666 3500 693 3548 et
712 3501 756 3562 τῆς
776 3494 857 3563 ἴριδος
875 3493 1112 3564 interpretationes
1130 3510 1186 3550 non
1209 3511 1244 3549 ex
1262 3512 1325 3566 opp.

155 3580 356 3635 commentario
383 3582 412 3635 in
441 3581 532 3654 theog.
551 3583 656 3638 scholia
681 3584 847 3654 transcripta
874 3600 931 3638 esse
958 3584 1063 3655 possint
1086 3583 1125 3651 (id
1147 3584 1221 3654 quod
1243 3602 1327 3656 supra

158 3669 319 3740 tetigimus).
346 3667 375 3721 N
376 3688 446 3742 oque
465 3672 538 3726 enim
551 3671 615 3726 illae
628 3689 707 3727 voces
726 3672 754 3726 in
768 3689 831 3743 opp.
846 3673 937 3727 locum
950 3671 1054 3727 habent
1067 3689 1156 3744 neque
1170 3673 1325 3728 hahuerunt

159 3764 234 3813 certe
253 3759 282 3813 in
301 3762 504 3815 commentario

269 3848 435 3918 ¹³Benseler,
453 3850 487 3905 de
505 3850 585 3905 hiatu
602 3851 632 3905 in
655 3850 833 3922 scriptoribus
852 3851 971 3907 Graecis.
991 3851 1088 3905 ParsI
1107 3851 1238 3924 Pheiherg
1257 3854 1323 3908 1841

158 3956 187 4008 p.
209 3939 261 3992 314
279 3955 337 4008 sqq.

266 4027 425 4096 ⁴1Sintenis,
443 4028 477 4083 de
496 4028 575 4083 hiatu
599 4030 628 4084 in
651 4029 794 4085 Plutarchi
812 4031 874 4085 vitis
897 4029 1034 4102 parallelis
1057 4030 1173 4103 epistola
1197 4031 1233 4086 ad
1252 4031 1324 4086 Her·

158 4132 292 4171 mannum
311 4117 474 4189 Sauppium,
492 4118 590 4173 Zerhst
610 4121 685 4176 1845.
