3146 4832
725 224 764 292 71

159 419 272 506 Neque
287 419 489 486 Plutarchum
513 422 605 508 rugit,
628 422 655 487 si
677 421 755 508 quid
777 422 880 488 minus
902 423 1028 510 proprie
1047 421 1128 487 dixit
1150 421 1327 503 Hesiodus3

160 528 248 592 velut
270 551 333 592 non
356 530 474 593 omittit
495 529 811 598 mentionemfacere
834 532 922 595 vocis
946 524 1035 621 ὁπλή
1058 530 1098 596 ab
1120 529 1267 595 Hesiodo
1287 529 1327 595 de

159 634 242 699 bove
264 642 465 721 usurpatae&
509 634 575 701 Sed
598 658 666 701 eam
690 636 755 702 vim
778 659 871 722 quam
894 637 926 700 in
950 659 1044 703 versu
1069 640 1133 703 312
1159 636 1295 721 (Gaisf.):

319 741 450 829 δαίμονι
474 736 541 825 οἷος
563 742 688 835 ἔησθα·
710 743 749 812 τὸ
772 737 805 811 d'
822 743 1016 833 ἐργάζεσθαι
1039 738 1171 829 ἄμεινον

160 849 278 912 nomini
301 848 427 935 δαίμων
449 849 560 914 tribuit
582 850 633 933 (cf.
655 874 686 936 p.
703 854 765 934 38),
787 849 872 916 idem
895 873 964 916 esse
987 872 1108 937 ponens
1131 859 1224 937 atque
1247 850 1327 938 βίος,

160 954 297 1020 debebat
325 957 508 1022 confirmare
538 957 699 1043 exemplis.
743 956 857 1043 Neque
880 960 983 1022 minus
1010 960 1043 1022 in
1066 957 1176 1023 eadem
1199 957 1328 1023 adnota-

160 1064 245 1127 tione
269 1063 486 1150 interpretatio
507 1066 710 1150 grammatica
732 1063 920 1129 dubitationi
948 1065 1085 1131 obnoxia
1106 1064 1328 1131 videturesse.

161 1169 226 1235 Res
248 1193 311 1235 non
334 1193 462 1256 prorsus
484 1172 578 1258 plana
600 1180 657 1237 est.
703 1170 738 1236 Si
761 1172 844 1236 enim
867 1171 1054 1236 Plutarchus
1078 1171 1184 1265 ἔησθα
1207 1173 1329 1258 accepit

161 1299 218 1363 pro
241 1277 452 1357 coniunctium,
475 1277 556 1343 bene
579 1286 629 1344 est
651 1282 734 1362 (nam
756 1279 831 1343 talia
853 1279 1014 1344 enuntiata
1032 1287 1064 1343 et
1086 1279 1154 1344 sine
1177 1279 1329 1365 particula

162 1376 201 1451 dv
225 1392 350 1449 etcum
373 1407 411 1450 ea
432 1388 536 1471 poetis
560 1386 658 1471 epicis
681 1388 714 1449 in
737 1408 797 1450 usu
819 1385 917 1451 fuisse
941 1394 1050 1450 notum
1074 1390 1142 1469 est),
1164 1387 1225 1451 nisi
1243 1384 1328 1471 quod

161 1491 351 1556 coniunctivi
383 1491 485 1571 torma
517 1490 625 1583 ἔησθα
657 1515 757 1578 neque
789 1493 875 1579 apud
901 1492 1079 1558 Hesiodum
1110 1515 1212 1579 neque
1244 1493 1329 1579 apud

160 1597 336 1663 Homerum
368 1621 470 1684 neque
502 1622 633 1685 usquam
664 1600 738 1665 alibi
770 1608 921 1685 quantum
952 1599 1047 1667 video
1078 1600 1192 1686 legitur
1204 1607 1225 1666 2.
1271 1600 1326 1665 Sin

161 1710 293 1793 tempus*
309 1707 540 1795 imperfectum.
552 1707 683 1772 subesse
706 1707 915 1788 existimavit,
937 1708 1153 1794 interpretatio
1176 1730 1329 1793 gramma·

161 1813 224 1877 tica
239 1822 329 1899 'stare
352 1816 470 1899 nequit.
515 1813 632 1880 Utrum
661 1823 767 1880 autem
796 1815 930 1880 senserit
957 1814 1092 1880 discerni
1122 1837 1185 1879 non
1213 1823 1328 1902 potest

161 1920 253 1998 Quae
284 1921 373 1985 enim
389 1921 429 1985 in·
444 1922 563 2013 scholio
586 1944 696 1987 versus
729 1922 968 1987 circumlocutio
1001 1916 1118 2003 ὁποῖος
1141 1913 1180 1989 tv
1203 1920 1329 2011 ἑκάστην

161 2026 297 2120 τυγχάνῃ
320 2028 392 2114 βίος
414 2024 655 2115 ἀποδεδομένας
669 2028 709 2094 ab
725 2052 763 2094 eo
786 2028 944 2116 profertur
965 2029 1068 2094 lucem
1086 2051 1149 2093 non
1172 2028 1265 2094 affert
1288 2030 1329 2093 ob

151 2133 194 2223 ‚id
216 2136 321 2221 ipsum
336 2134 421 2221 quod
445 2144 494 2201 est
515 2136 759 2202 circumlocutio.
796 2137 930 2202 Prorsus
953 2144 1058 2201 autem
1080 2139 1160 2201 ratio
1183 2136 1330 2222 displicet

161 2263 199 2306 ea
220 2265 283 2327 qua
305 2264 415 2316 versus
440 2245 502 2307 557
527 2241 665 2327 (Gaisf.):

206 2348 208 2351 ⁸
318 2352 420 2440 τῆμος
440 2342 565 2435 τῶμισυ
587 2349 707 2437 βουσίν,
730 2347 784 2418 ἐντ’
810 2347 898 2441 ἀνέρι
921 2351 957 2420 δέ
979 2351 1082 2419 πλέον
1104 2349 1155 2445 εἴη

321 2451 481 2549 ἁρμαλιῆς

161 2572 348 2628 structuram
370 2565 603 2650 grammaticam
619 2564 679 2629 sibi
696 2563 821 2630 videtur
836 2564 990 2651 explicare
1014 2564 1063 2644 (cf.
1074 2589 1104 2651 p.
1116 2569 1179 2650 43).
1201 2564 1329 2631 Etenim

160 2671 196 2739 τὸ
212 2665 311 2761 ἥμισυ
323 2680 356 2736 et
373 2672 475 2740 πλέον
491 2671 578 2757 iungi
593 2672 663 2737 vult
678 2680 711 2736 et
724 2654 902 2737 Hesiodum
918 2673 1099 2759 praecipere
1115 2681 1151 2736 ut
1173 2681 1206 2737 et
1228 2673 1328 2738 bobus

161 2786 194 2843 et
216 2778 317 2844 servis
348 2778 567 2844 alimentorum
595 2778 758 2844 solitomm
785 2779 856 2866 plus
884 2802 978 2865 quam
1001 2779 1164 2844 dimidium
1187 2779 1329 2844 addatur.

160 2884 233 2949 Hac
256 2893 360 2950 autem
383 2888 640 2973 interpretatione
662 2895 880 2974 praeterquam
902 2886 988 2973 quod
1010 2889 1170 2952 notionem
1193 2886 1329 2952 addendi

161 2995 234 3076 (τοῦ
256 2994 490 3084 προστιθέναι)
513 2992 660 3059 Hesiodo
680 2994 761 3060 ultro
781 2994 931 3075 obtmdit,
953 3016 1082 3081 prorsus
1105 2993 1243 3080 neglegit
1264 2995 1329 3059 vim

163 3097 396 3166 adversativam
418 3100 589 3187 particulae
613 3102 657 3170 δέ.
704 3101 796 3179 Quae
819 3102 943 3166 etiamsi
974 3101 1132 3166 interdum
1164 3102 1328 3168 sententiis

162 3205 284 3272 duabus
317 3207 520 3273 conectendis
548 3206 747 3289 adhibeatur,
775 3231 845 3273 cum
868 3209 1077 3296 oppositionis
1109 3211 1197 3272 notio
1219 3209 1329 3295 procul

160 3313 327 3396 habeatur,
358 3315 422 3379 duc
453 3316 605 3381 vocabula
635 3317 680 3380 ita
711 3324 877 3381 conectere
900 3338 963 3380 non
987 3315 1081 3396 solet,
1111 3316 1167 3380 sed
1190 3316 1272 3380 inter
1294 3338 1328 3380 se

161 3442 329 3508 opponere.

266 3529 439 3594 Plurimum
463 3553 539 3596 vero
561 3528 664 3595 laudis
688 3530 872 3595 commeruit
894 3529 1081 3596 Plutarchus
1110 3530 1144 3594 in
1171 3529 1328 3595 rebusad

160 3659 240 3722 quae
256 3646 368 3724 poetae
384 3637 481 3702 verba
496 3638 694 3724 pertinebant
709 3637 902 3726 explicandis
917 3637 1179 3724 illustrandisque.
1199 3637 1328 3725 Quippe

268 3908 278 3936 ¹
295 3905 361 3961 Vid.
376 3905 462 3962 schol.
476 3905 512 3961 ad
530 3923 555 3961 v.
570 3907 637 3962 483:
656 3905 703 3977 τὴν
715 3907 764 3976 μὲν
782 3907 829 3961 οὖν
847 3905 929 3977 ὁπλὴν
947 3905 989 3959 ἐπὶ
1006 3905 1070 3977 βοὸς
1088 3905 1223 3977 ῥηθεῖσαν,
1241 3907 1259 3977 ἣ
1277 3907 1327 3960 οὐκ

160 3995 213 4051 ἔστι
230 4003 284 4050 τῶν
301 3997 474 4065 μονωνὺχιον,
493 3996 648 4066 συγγνώμης
666 3997 798 4059 ἀξιωτέον.

268 4085 339 4142 ²Ot.
358 4086 494 4160 Kruegeri
511 4091 563 4141 art.
581 4102 695 4158 gramm.
715 4087 746 4141 II
765 4089 808 4156 38,
827 4087 852 4156 2,
871 4089 895 4142 3.
