3146 4832
801 245 987 343 As„
1007 340 1012 341 f

326 435 442 523 τεύχειν
472 444 519 528 τῷ
550 433 637 528 tuta
668 434 941 521 κατασκευάζοντα
973 436 1073 508 ιακδν
1104 439 1162 507 καί
1192 436 1247 507 τὸν
1279 445 1394 520 κακῶς
1424 439 1496 527 περὶ

327 540 425 614 ίίλλου
448 544 673 633 βουλευόμενον
700 543 803 634 ἑαυτῷ
830 543 996 633 γίγνεσθαι
1017 544 1175 637 πρόξενον
1202 552 1303 615 κακοῦ
1327 544 1496 631 μείζονος·

327 653 383 721 καί
406 650 533 743 γὰρμὴ
556 654 803 721 συντελεσθεῖσα
824 653 885 738 μὲν
909 647 1042 743 ἧβαυλὴ
1065 650 1118 721 τδν
1140 652 1400 738 βουλευσάμενον
1424 646 1496 742 οῖνιᾷ

327 766 461 850 πιπριῦς,
482 761 725 827 συντελεσθεῖσα
748 760 784 827 δὲ
807 762 951 845 λωβᾶται
972 758 1134 845 μειζόνως.
1158 757 1276 850 τὸγὰρ
1299 766 1496 828 κακοποιεῖν

326 869 438 953 μεῖζον
460 871 516 934 τοῦ
538 864 674 949 πάσχειν
696 863 737 933 τὰ
761 864 847 934 κατὰ
869 865 1002 948 πόντιος
1023 866 1141 936 κακόν·
1158 861 1202 948 aig
1224 868 1279 935 καί
1301 864 1338 934 τὸ
1366 863 1494 954 ἀγαθο-

327 980 435 1042 ποιεῖν
456 974 566 1058 μεῖζον
589 965 715 1060 σῖγαθδν
737 979 793 1041 τοῦ
814 971 995 1057 πάσχοντος
1017 966 1060 1042 εί.
1099 973 1264 1039 Postremo
1287 974 1373 1038 enim
1399 996 1495 1037 enun-

326 1082 404 1145 tiato
427 1079 530 1144 locum
553 1078 686 1144 similem
707 1081 830 1145 invenit
850 1079 891 1145 de
915 1080 985 1145 aud.
1007 1089 1091 1166 poet.
1113 1102 1179 1167 cap.
1205 1084 1262 1145 14:

485 1181 565 1277 ἡδὲ
588 1185 672 1278 κακὴ
694 1184 795 1277 βουλὴ
816 1193 861 1277 τῷ
882 1186 1087 1274 βυυλείσαντι
1109 1187 1243 1280 κακίστη

327 1285 439 1363 ταύτόν
470 1294 537 1362 ε’στι
568 1300 636 1375 τοῖς
667 1294 841 1376 Πλάτωνος
872 1296 904 1363 ἐν
937 1295 1056 1386 Γοργίᾳ
1088 1296 1144 1364 καὶ
1170 1294 1327 1385 Πολιτείᾳ
1352 1295 1493 1384 δόγμασι

328 1403 407 1490 περὶ
437 1407 496 1469 τοῦ
525 1396 575 1470 (τὸ
607 1395 733 1470 ἀδικεῖν
765 1400 878 1470 κάκιον
908 1397 991 1472 εἶναι
1023 1409 1079 1472 τοῦ
1106 1397 1308 1472 ἀδικεῖσθαι’
1340 1403 1403 1470 καὶ
1429 1397 1491 1468 (τοῦ

327 1513 435 1591 κακῶς
456 1508 593 1593 πάσχειν
614 1506 650 1577 τὸ
673 1515 781 1577 ποιεῖν
804 1514 911 1591 κακοῖς
933 1503 1194 1601 βλαβερώτερον).
1232 1509 1390 1574 Attamen
1406 1516 1490 1573 caute

327 1638 377 1681 res
410 1622 459 1681 est
489 1615 618 1700 agenda
675 1613 768 1680 Illam
800 1615 882 1680 enim
913 1616 1055 1681 Platonis
1086 1619 1119 1680 in
1151 1616 1270 1682 scholio
1302 1616 1488 1682 sententiam

240 1750 242 1754 ⁴
327 1723 463 1810 perbene
486 1721 616 1787 Proclus
638 1723 706 1808 ipse
728 1744 843 1807 gnarus
870 1745 963 1808 quam
990 1723 1123 1788 maxime
1146 1723 1287 1788 Platonis
1310 1722 1486 1810 philosophi

326 1829 529 1895 adnotavisse
551 1837 665 1916 potest.
724 1830 836 1915 Neque
869 1831 902 1894 in
931 1830 1058 1916 reliquis
1090 1831 1197 1895 insunt
1220 1853 1299 1917 quae
1323 1831 1483 1896 manifesto

326 1936 529 2002 Plutarchum
544 1943 702 2001 auctorem
717 1936 859 2022 prodant.
891 1937 1077 2022 Λαιμονίοις
1099 1937 1225 2023 quidem
1246 1938 1292 2002 ita
1306 1946 1478 2025 usurpatum

325 2045 439 2130 legitur
452 2045 486 2108 in
501 2052 620 2129 quaest.
635 2065 725 2109 conv.
740 2043 776 2110 V
794 2046 822 2123 7,
838 2046 872 2108 δε
896 2048 932 2134 ιγ
949 2045 986 2112 δὲ
1009 2045 1093 2126 λέξει
1117 2044 1290 2130 δαιμονίως
1311 2047 1418 2134 λέγειν
1437 2042 1476 2111 καί

326 2154 598 2242 μεγαλοπρεπῶς,
630 2157 663 2215 et
689 2150 876 2215 vccabulum
903 2148 943 2218 ιδι
970 2152 1060 2232 ἐκτὸς
1085 2151 1198 2216 eodem
1224 2174 1286 2237 quc
1314 2153 1349 2216 in
1374 2148 1467 2217 scholio

327 2281 421 2324 sensu
444 2257 620 2345 praeditum
641 2257 801 2322 invenitur
822 2256 863 2322 de
886 2258 956 2324 virt.
980 2267 1012 2322 et
1034 2260 1089 2323 vit
1111 2280 1178 2344 cap.
1202 2259 1232 2338 6,
1254 2259 1308 2323 ubi
1331 2260 1439 2325 verbis

959 2363 1086 2455 μήποτε
1108 2369 1195 2456 δῶρα

486 2472 616 2566 δέξηται
638 2469 732 2562 παρὰ
754 2471 856 2564 Ζηνὸς
877 2465 1068 2558 Ὀλυμπίου,
1092 2465 1161 2539 ἀλλ’
1178 2467 1408 2559 ιοἰπσπέμπειν

326 2578 488 2645 Hesiodus
504 2578 672 2643 Plutarcho
695 2576 735 2646 τὰ
757 2577 872 2672 τυχηρὰ
896 2576 1009 2646 καὶτὰ
1024 2576 1114 2661 ἐκτὸς
1129 2579 1230 2667 λέγειν
1254 2579 1391 2645 videtur.
1428 2571 1480 2641 Sed

326 2688 403 2753 haec
425 2685 540 2750 indicia
562 2686 681 2750 leviora
703 2693 778 2750 sunt
804 2708 896 2770 quam
924 2682 960 2750 ut
981 2687 1027 2750 eis
1049 2685 1121 2750 freti
1145 2685 1298 2750 scholium
1320 2682 1480 2752 Plutarcho

327 2793 519 2859 confidenter
540 2792 706 2857 restituere
728 2790 906 2856 audeamus.

433 2898 558 2964 Deinde
581 2898 774 2963 afferendum
797 2906 847 2963 est
869 2898 1020 2963 scholium
1044 2922 1153 2964 versus
1178 2903 1239 2966 311
1265 2899 1409 2983 (Gaisf.):

487 3002 616 3094 πλούτῳ
640 2998 670 3073 δ)
687 2998 782 3096 ἀρετὴ
805 3006 861 3073 καί
884 3009 978 3087 κῦδος
1001 3000 1129 3097 ὀπηδεῖ.

326 3113 438 3206 μηδεὶς
460 3112 644 3203 λοιδορεῖται
671 3110 725 3182 τὸν
747 3111 853 3196 στίχον
877 3111 923 3194 εἰς
945 3110 1000 3181 τὸν
1019 3113 1226 3205 πολυοίρατσν
1248 3117 1389 3184 πλοῦτον
1410 3106 1478 3199 ὁρῶν

328 3221 441 3309 πόρρω
462 3224 519 3310 τῆς
541 3214 653 3311 οῖρετῆς
675 3220 906 3313 ίστιηνυιμένον,
935 3213 1016 3288 ἀλλὰ
1043 3224 1182 3289 πλοῦτον
1209 3221 1332 3290 οἰέσθω
1359 3227 1413 3291 νῦν
1434 3212 1476 3283 u'-

265 3328 274 3341 ’
328 3336 444 3418 γεσθαι
468 3325 523 3417 τὴν
546 3320 616 3395 οῖπὸ
638 3330 702 3395 τοῖν
724 3325 823 3416 ἔργων
846 3334 1063 3418 πορισθεῖσαν
1085 3320 1251 3418 ἀφθονίαν
1273 3336 1340 3410 τοῖς
1363 3324 1476 3417 ἐργαζο-

327 3436 437 3522 μένοις
458 3431 589 3502 δικαίαν
612 3425 709 3502 οὖσαν
731 3434 788 3502 καί
811 3427 882 3502 ἀπὸ
904 3437 967 3501 τῶν
990 3432 1118 3502 οἰκείων
1133 3434 1243 3504 πόνιον
1257 3429 1474 3526 ἠθροισμένονΙ

329 3540 453 3633 είρηται
475 3537 534 3631 γὰρ
557 3541 589 3608 ἒν
612 3547 679 3622 τοῖς
702 3538 890 3629 ἔμπροσθεν
918 3542 954 3609 ἐκ
979 3546 1044 3607 τῶν
1070 3539 1172 3629 ἔργον
1199 3540 1270 3622 τοὺς
1292 3534 1471 3629 ἀνθρώποις

329 3649 500 3737 γίγνεσθαι
522 3646 728 3737 πολυμήλους
750 3649 807 3716 καὶ
830 3641 996 3738 ἀφθόνους
1018 3649 1075 3715 καὶ
1102 3640 1258 3738 ἀρνειούς.
1286 3652 1331 3737 τῷ
1354 3648 1391 3715 δὲ
1420 3662 1470 3710 τοτ’

329 3756 412 3844 ου’τιμ
443 3754 578 3843 πλούτῳ
610 3756 756 3823 ἕπεσθαι
787 3754 919 3835 πάντας
954 3748 1073 3844 ἆνοίγκγγ
1109 3751 1164 3846 τὴν
1196 3748 1310 3846 ἀρετὴν
1345 3753 1401 3821 καί
1430 3741 1473 3832 ull

329 3862 443 3946 δόξαν·
468 3863 617 3930 ἕπεσθαι
638 3862 676 3929 δὲ
700 3853 756 3945 οὗχ
782 3856 825 3942 ὠς
851 3858 1174 3950 παρακολουθήματα
1202 3856 1279 3929 ὄντα
1305 3863 1407 3929 ταῦτα
1431 3852 1475 3937 τῆς

330 3963 497 4061 εῧπορίας,
525 3962 594 4036 ἄλλ’
623 3962 668 4049 οῖς
693 3966 938 4056 συνυπάρχσντα
964 3971 1009 4057 τῷ
1032 3966 1165 4057 τοιυίτῳ
1188 3967 1321 4056 πλούτῳ
1357 3963 1413 4034 καὶ
1440 3948 1474 4032 ὦς

328 4074 452 4158 παντὸς
473 4068 509 4159 ὃς
531 4068 571 4144 δν
602 4069 684 4145 οὕτω
716 4078 843 4169 πλουτῖ
866 4075 1040 4162 καὶδόξαν
1067 4068 1195 4169 ἀγαθὴν
1221 4075 1407 4173 κεκτημένου
1428 4058 1473 4132 καί
