3146 4832
705 270 746 332 53

137 460 200 543 τὰς
222 462 355 552 πράξεις
378 464 435 530 καὶ
465 470 556 532 ποιεῖ
583 460 669 550 πρὸς
699 463 757 553 τὴν
787 466 843 529 τοῦ
872 460 993 542 παντὸς
1020 462 1181 556 σύλληψιν
1209 458 1309 543 αύτὰς

138 568 363 661 ἐπιτηδείους·
400 566 509 657 ὀρθῶς
541 571 598 637 καὶ
624 576 679 636 τού
706 569 880 650 Πλάτωνος
907 568 1095 655 αἰτιωμένου
1122 573 1186 636 τῶν
1219 563 1306 637 ‹irro-

137 668 315 761 βαινύντων
337 677 391 745 τὸν
413 676 526 766 καιρὸν
549 670 586 744 ού
608 675 706 762 μόνον
729 678 763 744 ἐν
786 684 853 756 τοῖς
875 671 991 765 γάμοις
1012 682 1069 766 τῆς
1091 682 1155 743 τῶν
1178 676 1309 743 παίδων

137 788 204 850 τιῦν
228 776 340 873 θητῶν
364 785 420 851 καὶ
444 776 572 874 εύιμυιῦν
603 784 763 870 γενέσεως,
796 777 878 850 ἀλλὰ
911 784 967 850 καὶ
1000 784 1033 849 ἐν
1060 788 1165 851 πᾶσιν
1195 777 1309 863 ἁπλῶς

139 896 207 970 τοῖς
229 897 423 978 πρακτικοῖς
451 889 578 970 τούτοις
599 892 688 973 <και““Ἴ
711 890 804 984 τύχην
828 883 937 969 αὐτοῖς
964 890 1196 979 ἐπιστήσαντος
1217 890 1309 975 [καὶ]

137 994 221 1081 μετὰ
242 1002 325 1064 θεοῦ
347 997 386 1063 τα
410 994 605 1087 ἀνθρώπεια
628 1001 830 1085 κυβερνῶσαν
842 1004 864 1064 1.
903 997 977 1060 Νου
995 996 1126 1059 multum
1143 997 1308 1061 tribuimus

136 1103 214 1166 huic
235 1103 281 1166 rei
304 1103 389 1189 quod
405 1102 445 1167 ad
462 1103 571 1167 scholii
587 1104 684 1169 verba
707 1099 816 1193 ὥσπερ
840 1101 999 1189 δύσμαχος
1021 1104 1213 1193 παροηθείς
1235 1125 1308 1166 con-

137 1211 273 1275 veniunt
295 1232 375 1295 quae
400 1211 590 1276 Plutarchus
613 1210 739 1297 scripsit
766 1204 805 1274 de'
829 1209 911 1274 adul.
935 1219 974 1274 et.
998 1212 1087 1274 amic.
1110 1232 1177 1295 cap.
1201 1213 1261 1275 27:
1290 1207 1307 1278 ὁ

136 1318 177 1385 δὲ
202 1315 313 1407 καιρὸς
335 1318 367 1384 ἐν
390 1319 490 1385 παντὶ
513 1319 572 1404 μὲν
595 1318 753 1406 παρεθεὶς
775 1313 898 1405 μεγαλα
921 1317 1083 1403 βλι’πτει,·
1105 1318 1197 1381 nimis
1226 1318 1308 1381 enim

137 1424 279 1509 vulgaris
302 1433 351 1488 est
374 1424 537 1489 sententia.
584 1423 648 1490 Sed
672 1423 789 1487 dictum
812 1424 955 1488 Platonis
982 1425 1014 1487 in
1037 1425 1099 1488 fine
1122 1425 1307 1488 collocatum

137 1530 181 1595 de
203 1531 372 1595 Plutarcho
405 1534 542 1617 cogitare
574 1533 668 1617 cogit,
700 1554 759 1595 nec
791 1532 894 1595 minus
922 1553 959 1595 ea
987 1553 1065 1615 quac
1090 1530 1129 1595 de
1152 1530 1307 1594 factorum

136 1647 318 1702 nostrorum
332 1639 453 1702 ratione
470 1639 713 1724 praecipiuntur,
736 1647 771 1702 ut
787 1639 832 1702 eis
849 1637 990 1702 ordinem
1009 1644 1066 1704 τοῦ
1088 1635 1212 1717 παντός
1235 1659 1309 1701 con-

137 1768 302 1810 servemus
325 1754 418 1830 atque
442 1768 619 1830 augeamus.
656 1746 730 1809 Hoc
754 1748 837 1809 enim
860 1744 1091 1830 quodammodo
1114 1744 1197 1809 inest
1215 1745 1308 1808 etiam

135 1855 171 1915 in
187 1852 347 1916 Plutarchi
363 1852 467 1917 verbis
483 1875 563 1937 quae
579 1852 698 1917 scholio
714 1874 744 1917 v.
759 1855 821 1916 742
838 1853 1037 1916 continentur
1052 1859 1108 1919 το”
1124 1851 1257 1934 παντός,
1274 1853 1308 1919 ἐν

136 1946 165 2049 ᾧ
181 1959 223 2026 τὰ
240 1954 299 2026 ὅλα
314 1966 378 2026 τῶν
400 1966 504 2047 μερῶν
527 1960 636 2027 ἐθέλει
660 1966 798 2048 κρατεῖν,
821 1959 850 2022 h.
867 1981 893 2024 e.
912 1961 944 2022 in
963 1981 1025 2044 quo
1042 1960 1145 2023 omnia
1159 1966 1309 2043 geruntur

135 2066 180 2131 ad
203 2065 344 2130 ordinem
371 2066 591 2147 constitutum,
623 2089 725 2151 neque
754 2066 901 2130 abhorret
923 2089 941 2130 a
963 2066 1072 2150 fragm.
1098 2069 1136 2131 37
1162 2065 1308 2151 (Duebn.)

135 2173 197 2237 hac
221 2175 391 2237 sententia:
415 2180 470 2263 τῆς
492 2176 528 2240 δὲ
550 2174 625 2253 (soil.
641 2181 698 2263 τῆς
721 2172 804 2241 κατὰ
827 2172 923 2264 φύσιν
947 2175 1092 2256 σχέσεως)
1114 2171 1169 2241 τὸν
1192 2171 1308 2258 δεσμὸν

137 2279 282 2369 ἑπήχαχε
303 2280 341 2348 τὸ
364 2286 433 2347 πᾶν
456 2275 554 2370 αύτην
571 2279 741 2370 φυλάττειν
763 2281 904 2367 βέβαιον.
942 2279 1039 2358 Quod
1056 2281 1137 2344 enim
1154 2282 1208 2364 qui
1222 2279 1309 2360 facit,

138 2385 273 2452 eundem
297 2387 364 2451 iure
392 2386 509 2451 dixeris
541 2393 586 2475 τῷ
617 2387 720 2453 παντὶ
752 2387 809 2467 τὰς
840 2386 974 2474 πράξεις
1005 2386 1197 2477 ἐναρμόζειν.
1245 2386 1308 2451 Sed

141 2516 219 2557 onos
253 2494 419 2579 scrupulus
451 2493 567 2557 haeret.
623 2492 763 2559 Videtur
795 2496 877 2557 enim
909 2515 1037 2579 prorsus
1070 2494 1171 2558 aliena
1198 2516 1309 2558 ossea

142 2600 308 2664 Plutarcho
332 2623 395 2664 vox
418 2599 617 2688 συλλήπτωρ,
641 2622 699 2687 pro
723 2623 784 2685 qua
807 2623 930 2686 semper
951 2602 1042 2686 ponit
1057 2601 1201 2688 ούνερχος
1216 2610 1308 2686 atque

141 2708 322 2792 saepissime
338 2707 436 2794 ponit.
481 2707 574 2771 Licet
596 2707 722 2792 quidem
745 2708 875 2792 cogitari
899 2729 979 2787 eum,
1002 2717 1036 2771 ut
1060 2710 1175 2772 vitaret
1197 2731 1306 2772 vocem

138 2815 237 2879 verbo
267 2813 400 2903 ἐνεργεῖν
433 2824 610 2899 cognatam,
641 2837 699 2901 pro
730 2812 874 2902 σύνερχος
905 2815 1069 2879 admisisse
1108 2815 1308 2906 συλλήπτωρ,

136 2920 225 3007 quod
247 2921 373 2985 Platoni
397 2922 427 2984 in
452 2944 510 2985 usu
535 2930 584 2985 est
606 2920 680 3005 (vid.
697 2923 780 2986 Astii
804 2921 863 2985 lex.
886 2923 987 3005 Plat.),
1009 2945 1110 3007 neque
1133 2922 1308 2986 inauditum

135 3027 224 3093 haud
247 3027 341 3092 dubie
364 3027 535 3092 Plutarcho
559 3037 633 3092 erat.
678 3029 790 3113 Neque
822 3040 926 3092 tamen
959 3028 1036 3092 haec
1068 3028 1236 3093 difficultas
1264 3030 1309 3093 ita

136 3136 217 3200 satis
241 3135 416 3221 expeditur,
439 3143 472 3199 et
494 3134 609 3198 indicia
625 3135 752 3219 originis
768 3135 973 3199 Plutarcheae
997 3158 1076 3220 quae
1100 3159 1158 3200 nos
1181 3136 1308 3221 quidem

136 3242 301 3307 attulimus
325 3242 444 3307 leviora
466 3251 540 3307 sunt
562 3264 655 3326 quam
683 3249 718 3304 ut
745 3250 875 3327 propter
902 3264 940 3306 ca
962 3242 1115 3307 scholium
1137 3242 1308 3307 Plutarcho

136 3348 335 3415 confidentur
357 3348 534 3414 adscribere
556 3349 656 3413 liceat.

247 3456 338 3520 Haec
360 3456 455 3541 igitur
478 3457 690 3520 commentarii
712 3456 887 3541 fragmenta
909 3457 1079 3520 Plutarcho
1103 3457 1147 3520 ita
1169 3456 1308 3521 reddidi-

138 3583 208 3627 mus
241 3571 277 3627 ut
309 3563 527 3628 Plutarcheam
561 3586 667 3628 eorum
705 3564 856 3648 originem
891 3564 1015 3627 indiciis
1050 3563 1308 3648 documentisque

139 3693 179 3735 ex
204 3670 329 3755 scriptis
352 3670 514 3735 Plutarchi
543 3672 650 3757 petitis
683 3671 828 3734 evincere
851 3693 1035 3734 conaremur
1041 3696 1050 3750 ;
1084 3670 1144 3734 alia
1175 3671 1308 3734 forsitan

140 3778 253 3863 aliquis
270 3777 415 3863 opinetur
430 3777 605 3864 recuperari
622 3800 715 3864 posse
731 3777 935 3864 ingrediendo
952 3778 1034 3842 viam
1051 3800 1144 3863 quam
1159 3777 1307 3841 Flachius

248 4029 255 4058 ¹
276 4026 360 4081 Hanc
382 4027 527 4082 lectionem
553 4029 731 4098 proponimus
756 4047 806 4099 pro
828 4030 941 4103 vulgatu
964 4029 1045 4100 τύχην
1063 4028 1150 4091 αὐτοῖς
1168 4029 1307 4099 ἐπιστήσας

141 4118 185 4172 καὶ
203 4117 269 4189 μετὰ
287 4118 353 4173 θεοῦ
372 4117 402 4172 τὰ
420 4117 574 4188 ἀνθρώπεια
592 4119 782 4191 κυβερνῶντος.
