3146 4832
757 235 775 295 7

188 449 289 493 amore
311 428 497 493 Plutarchus
519 428 585 514 agit
606 451 674 514 cap.
691 431 720 509 6,
741 429 797 493 ubi
818 429 944 514 legitur:
968 423 986 496 ὁ
1008 429 1045 496 δὲ
1068 422 1212 509 Ἡσίοδος
1234 420 1293 496 οὐκ
1315 418 1348 495 ai

189 542 339 624 παραινεῖ
359 538 530 625 μουνογενῆ
553 538 660 603 παῖδα
686 540 750 604 τῶν
777 534 939 625 πατρῴων
965 533 1139 625 ἐπίκληρον
1166 528 1263 619 εἶναι,
1292 534 1348 602 καὶ

188 644 287 709 ταῦτα
313 646 377 709 τῶν
399 646 528 728 μουσῶν
556 640 689 731 γεγονώς
715 642 874 734 μαθητής·
924 641 990 706 Hic
1015 641 1110 726 igitur
1136 641 1278 705 alludens
1305 640 1346 704 ad

189 769 260 833 opp.
283 773 309 815 v.
334 752 416 816 376:

344 854 533 947 μουνογενὴς
556 858 592 926 δὲ
615 856 698 938 πάις
721 854 771 948 εἴη
794 855 959 946 πατρώιον
983 850 1071 925 οἶκον

344 964 504 1055 φερβέμεν

187 1076 220 1133 et
241 1069 343 1155 theog.
365 1094 395 1136 v.
419 1074 479 1136 22:

293 1180 329 1244 αἳ
341 1175 377 1246 νύ
393 1171 476 1247 ποθ’
497 1174 645 1247 Ἡσίοδον
668 1176 769 1269 καλὴν
784 1176 933 1262 ἐδίδαξαν
949 1170 1062 1269 ἀοιδήν
1079 1176 1154 1261 (scil.
1170 1175 1204 1244 ci
1219 1176 1348 1262 μοῦσαι)

186 1282 305 1348 dictum
330 1283 415 1370 quod
442 1293 492 1350 est
518 1288 551 1348 in
579 1286 725 1372 operibus
755 1293 788 1350 et
817 1285 927 1350 diebus
960 1284 1131 1370 vituperat,
1159 1283 1194 1348 id
1220 1284 1347 1347 minime

186 1388 297 1455 decere
312 1391 469 1456 affirmans
485 1414 642 1456 musarum
658 1391 854 1479 discipulum,
875 1392 998 1477 qualem
1016 1414 1051 1456 se
1065 1391 1170 1477 ipsum
1184 1388 1347 1455 Hesiodus

186 1498 219 1561 in
241 1497 407 1583 theogonia
428 1499 588 1585 professus
612 1501 667 1579 sit3
690 1499 774 1564 unde
789 1499 961 1564 certissime
977 1499 1132 1565 evincitur
1146 1496 1347 1562 Plutarchum

187 1611 349 1690 utrumque
372 1628 496 1671 carmen
518 1606 663 1671 Hesiodo
685 1607 841 1672 tribuisse.

291 1711 375 1776 illud
406 1735 482 1778 vero
514 1735 636 1778 cannen
673 1713 759 1799 quod
794 1713 974 1778 inscribitur
1009 1706 1112 1794 ἀσπὶς
1145 1707 1346 1800 Ἡρακλέους,

186 1817 271 1902 quod
298 1821 425 1883 tertium
454 1819 548 1884 hodie
577 1820 714 1885 Hesiodi
740 1843 853 1885 nomen
880 1843 954 1906 prae
986 1842 1021 1884 se
1049 1819 1126 1900 fert,
1160 1817 1347 1883 Plutarchus

185 1947 342 2010 nunquam
365 1928 629 2009 commemoravit,
651 1929 696 1992 ita
718 1936 762 2009 ut,
785 1927 897 1992 sinon
925 1928 1099 2013 ignorasse,
1126 1933 1263 1991 attamen
1292 1925 1347 1990 ab·

184 2030 339 2098 iudicasse
362 2056 433 2097 eum
456 2035 495 2099 ab
518 2034 663 2100 Hesiodo
685 2035 745 2100 hoc
767 2057 891 2100 carmen
914 2035 1083 2100 verisimile
1105 2035 1155 2098 sit

292 2141 360 2225 Age
383 2162 466 2204 nunc
490 2141 652 2206 videamus
684 2164 761 2207 eane
791 2140 896 2207 studia
922 2141 955 2205 in
986 2139 1131 2207 Hesiodo
1158 2139 1345 2205 Plutarchus

184 2246 325 2332 posuerit
351 2246 445 2312 modo
472 2248 513 2312 ad
543 2249 591 2312 sui
621 2249 716 2312 animi
744 2248 882 2313 fructum
911 2271 951 2312 an
980 2248 1058 2313 alios
1088 2270 1211 2333 quoque
1239 2269 1346 2311 eornm

184 2361 344 2439 compotes
367 2353 541 2419 reddiderit
563 2356 863 2440 commentariosque
886 2363 991 2419 utrum
1006 2356 1168 2441 scripserit
1181 2357 1214 2418 in
1229 2354 1346 2419 Hesio-

184 2458 260 2523 dum
283 2483 379 2525 necne
402 2462 602 2546 inquiramus.

290 2567 396 2653 Atque
428 2591 524 2654 opera
554 2576 588 2633 et
618 2568 686 2633 dies
718 2591 789 2632 eum
821 2570 1058 2654 interpretatum
1090 2591 1159 2634 esse
1188 2590 1346 2633 commen-

183 2675 264 2737 tario
293 2674 429 2759 primum
461 2675 579 2740 scholia
609 2678 640 2738 in
674 2675 787 2761 quibus
818 2675 1004 2740 Plutarchus
1034 2684 1070 2740 ut
1099 2676 1253 2761 interpres
1280 2675 1347 2739 lau-

183 2780 276 2844 datur
308 2781 457 2846 videntur
488 2782 710 2847 demonstrare.
767 2783 966 2866 Quamquam
997 2782 1030 2846 id
1062 2782 1212 2872 indicium
1244 2783 1346 2847 solum

182 2909 245 2952 non
277 2887 422 2953 sufficere
452 2889 563 2975 aliquis
592 2890 764 2975 putaverit3
796 2890 912 2954 etenim
943 2891 977 2953 in
1008 2890 1169 2976 utriusque
1201 2890 1345 2955 carminis

182 2994 309 3059 scholiis
332 2995 467 3061 Zenonis
497 3019 621 3082 quoque
650 2997 758 3061 insunt
784 2998 1071 3083 interpretationes,
1100 3020 1232 3083 eumque
1262 3020 1346 3062 com-

181 3102 351 3166 mentarios
373 3096 607 3167 in'Hesiodum
628 3104 791 3189 scripsisse
806 3104 866 3169 viri
889 3102 975 3168 docti
998 3102 1147 3168 diffidunt
1157 3109 1176 3167 1.
1222 3104 1345 3172 Verum

181 3230 246 3272 non
270 3208 425 3294 estquod
449 3208 636 3274 dubitemus.
681 3210 763 3274 Nam
791 3218 931 3296 apertum
957 3212 1173 3275 testimonium
1194 3211 1344 3277 habemus

181 3315 242 3379 hoc
266 3314 379 3380 Gellii:
403 3316 483 3396 XX,
507 3321 526 3381 8
554 3316 588 3381 id
615 3317 709 3382 etiam
735 3318 834 3381 multo
863 3315 1039 3381 mirandum
1066 3326 1115 3382 est
1136 3318 1236 3403 magis
1259 3318 1345 3403 quod

181 3421 267 3507 apud
299 3422 504 3487 Plutarchum
533 3426 565 3487 in
598 3433 709 3509 quarto
739 3427 772 3488 in
798 3423 977 3489 Hesiodum
1007 3427 1231 3489 commentario
1262 3426 1342 3511 legi:

180 3524 290 3615 ‘caepe
320 3537 387 3594 tum
416 3531 579 3596 revirescit
608 3539 641 3596 et
670 3533 882 3617 congerminat
915 3530 1086 3596 decedente
1115 3531 1201 3613 luna,
1235 3541 1344 3598 contra

180 3645 286 3701 autem
301 3638 448 3701 inarescit
463 3637 668 3704 adolescente.
706 3639 786 3703 Eam
809 3661 934 3703 causam
956 3660 1026 3703 esse
1042 3639 1150 3703 dicunt
1164 3639 1343 3705 sacerdotes

180 3745 332 3830 Aegyptii
362 3766 417 3808 cur
443 3745 622 3810 Pelusiotae
650 3767 745 3832 caepe
772 3769 835 3810 non
858 3745 969 3827 edunt3
996 3747 1069 3832 quia
1096 3746 1197 3812 solum
1225 3748 1344 3813 olerum

287 3995 358 4049 ¹cf.
378 3994 473 4062 Flaeh,
501 3995 616 4050 Glossen
639 3995 697 4050 und
721 3996 848 4051 Scholien
874 4014 922 4050 zur
945 3995 1161 4051 Hesiodeischen
1180 3997 1343 4068 Theogonis,

179 4103 205 4156 p.
227 4086 260 4139 29
278 4102 317 4155 sq.
