3146 4832
9 608 14 648 t

9 717 14 755 l

714 217 773 324 35

167 422 368 488 sententiam:
401 423 501 486 maior
522 427 572 486 est
602 422 739 508 plurimu
761 421 893 485 filiorum
921 443 1007 500 cura,
1040 419 1096 486 sed
1119 421 1218 485 maior
1240 422 1334 485 etiam

167 526 321 594 bonorum
353 529 491 593 accessio
523 528 622 594 labori
654 530 790 615 plurium
821 527 936 593 debita.
986 528 1085 592 Porro
1117 529 1150 591 iu
1181 528 1333 613 fragm.3

166 637 217 719 (cf.
240 659 271 723 p.
296 639 348 720 18)
371 634 502 701 dubium
525 658 587 700 non
612 643 661 700 est
682 637 757 721 quin
780 635 968 700 Plutarchus
991 656 1086 699 versu
1110 638 1174 699 214
1198 656 1257 720 sq.:

323 740 415 831 ὕβρις
437 742 496 831 γάρ
519 770 555 811 τε
577 740 662 833 κακὴ
686 745 780 832 δειλῷ
803 745 925 832 βροτῷ·
946 738 1022 811 crida*
1044 743 1103 827 μὲν
1125 741 1246 823 ἐσθλὸς

285 894 288 901 ·
325 850 457 941 ρηιδίως
479 850 612 941 φερέμεν
635 848 777 934 δύναται,
801 843 943 936 βαρύθει
965 850 1002 917 δέ
1023 847 1059 916 θ’
1077 844 1133 918 ὑπ’
1160 845 1259 939 αὐτῆς

163 957 278 1022 docere
301 959 461 1044 putaverit
489 957 686 1021 insolentiam
717 958 924 1043 inpotentes
952 957 1150 1021 commissam
1178 978 1269 1042 aegre
1293 956 1332 1021 ab

162 1066 211 1130 his
234 1064 319 1130 ferri.
357 1064 404 1128 At
426 1064 503 1129 haec
525 1064 742 1150 interpretatio
759 1086 833 1129 vera
856 1086 918 1127 non
935 1072 993 1128 est.
1030 1063 1158 1128 Etenim
1180 1063 1213 1127 id
1237 1084 1332 1149 agens
1368 1081 1370 1086 ⁴

162 1180 198 1236 ut
220 1173 340 1237 Persen
364 1172 403 1237 ab
425 1172 593 1236 insolentia
616 1180 720 1262 arceat
741 1170 801 1235 hoc
824 1192 896 1235 eum
915 1170 1017 1251 docet,
1039 1170 1238 1235 insolentiam
1261 1192 1331 1257 per-

161 1280 316 1345 niciosam
337 1281 459 1355 essaei
482 1279 537 1365 qui
559 1300 628 1343 eam
660 1280 848 1359 committat,
879 1301 944 1343 non
973 1277 1075 1342 solum
1103 1274 1243 1365 pauperi,
1275 1278 1332 1342 sed
1377 1350 1382 1359 ,

162 1389 255 1453 etiam
279 1385 381 1452 diviti.
985 1408 986 1411 ¹

268 1493 375 1559 Etiam
398 1494 536 1580 singulas
567 1495 738 1558 sententias
762 1492 949 1557 Plutarchus
969 1490 1137 1557 'interdum
1159 1514 1223 1556 non
1245 1501 1330 1557 recte

160 1602 311 1688 percepit.
356 1600 459 1669 Velut
480 1603 512 1664 in
535 1600 646 1686 fragm.
670 1593 784 1684 2ολολ
807 1625 837 1687 p.
854 1603 904 1665 20.
920 1604 976 1686 sq.)
998 1598 1176 1665 Hesiodum
1200 1599 1332 1669 suadere

160 1717 252 1795 putat
274 1716 311 1772 ut
332 1730 413 1773 unus
437 1730 477 1773 ex
498 1709 570 1773 filiis
593 1708 684 1773 heres
707 1707 861 1772 bonorum
883 1710 1101 1772 constituatur.
1147 1707 1193 1771 At
1214 1706 1331 1771 Hesio·

161 1815 222 1879 dus
245 1824 329 1880 certe
360 1815 487 1880 unicum
515 1816 614 1879 filium
643 1817 800 1902 procreari
829 1813 1039 1901 heredemque
1058 1815 1199 1899 relinqui
1229 1810 1331 1879 iussit.

162 1923 269 2009 Atque
289 1921 329 1987 de
351 1922 421 1988 frat.
437 1944 495 1987 am.
511 1945 577 2009 cap.
591 1923 635 1987 20
660 1944 690 1988 v.
704 1924 765 1987 707
781 1928 806 2003 ¹,
828 1942 921 2006 quem
944 1921 977 1985 in
1000 1922 1223 1986 commentario
1246 1930 1330 1986 recte

160 2012 384 2116 interpretatus
408 2037 490 2110 esta,
513 2030 557 2094 ita
579 2028 734 2094 intellexit
756 2052 792 2093 ae
815 2029 848 2093 si
865 2028 1028 2093 Hesiodus
1052 2037 1174 2107 vetaret
1197 2027 1330 2093 eundem

51 2221 53 2225 .
144 2137 273 2201 ‘fratres
303 2135 528 2207 dufhabere
558 2137 700 2201 amicum.
746 2137 793 2201 At
814 2136 976 2200 Hesiodus
1005 2158 1063 2201 nos
1092 2158 1203 2201 revera
1224 2143 1331 2200 monet

159 2266 199 2309 ne
219 2243 370 2308 tantidem
394 2244 527 2308 amicum
550 2243 658 2329 quanti
681 2244 812 2308 fratrem
827 2246 1036 2308 aestimemus
1067 2240 1216 2308 Licenter
1236 2245 1331 2308 etiam

88 2344 89 2347 '
159 2351 192 2416 in
214 2358 334 2437 quaest.
357 2373 449 2417 conv.
470 2349 544 2419 VII
567 2354 597 2432 2,
621 2353 723 2427 3³,in
745 2375 775 2415 v.
798 2354 861 2415 471
887 2374 949 2436 sq.:

692 2457 895 2552 εύθημοσύνη
920 2456 979 2549 γὰρ
1003 2451 1117 2551 ἀρίστη
1139 2486 1141 2489 ·
1230 2468 1232 2472 ’

318 2558 677 2660 θνητοῖςζολνθραύποις,
701 2560 952 2659 κακοθημοσύνη
976 2566 1012 2634 δὲ
1034 2562 1181 2659 κακίστη,

157 2675 212 2760 qiu
241 2673 428 2738 sententiam
455 2673 633 2764 generalem
656 2672 806 2762 exhibent
833 2673 1059 2758 significantem
1081 2673 1235 2759 optimum
1258 2695 1327 2738 esse

156 2780 336 2845 hominibus
360 2780 465 2845 omnia
486 2780 567 2845 bene
594 2779 775 2867 disponere,
804 2789 912 2844 contra
934 2780 1015 2844 male
1038 2779 1205 2866 disponere
1228 2781 1328 2867 pessi-

158 2911 258 2968 mum,
281 2910 393 2953 vocem
416 2883 619 2980 εύθημοσύνη
642 2887 683 2952 ad
706 2888 825 2953 semina
848 2888 980 2971 serenda
1001 2889 1047 2955 ita
1069 2887 1167 2952 refert
1189 2893 1225 2950 ut
1247 2910 1327 2980 quae

157 2996 278 3060 semina
303 2994 467 3059 commode
491 3002 558 3059 sata
586 2997 663 3075 sint,
690 3017 727 3060 ea
750 2989 970 3089 εὐθημοσύνην
991 2993 1106 3059 habere
1129 2994 1214 3059 dicat
1243 2994 1329 3059 illam
1361 2988 1364 2994 ⁴

157 3116 253 3191 quam
267 3098 431 3169 Hesiodus
446 3101 615 3190 praedicet.
641 3102 862 3169 Licentissime
874 3122 950 3169 vero
966 3102 1110 3168 versibus
1128 3104 1191 3167 763
1205 3109 1237 3166 et
1249 3104 1327 3169 764:

265 3373 381 3427 1Ἔστιν
399 3373 446 3427 οὗν
464 3373 621 3443 διαπορῆσαι
639 3374 749 3441 πότερον
767 3372 858 3442 ὀρθῶς
876 3372 1060 3446 ἢζτοθναντίον
1077 3373 1237 3433 δἨσίοδος
1256 3372 1327 3427 εἵατ’

316 3461 386 3532 μηδὲ
403 3464 551 3533 κασιγνήτῳ
571 3462 626 3517 ἴσον
644 3462 775 3517 ποιεῖσθαι
794 3464 902 3532 ἑταῖρον.

154 3550 235 3620 ὁμὲν
255 3550 304 3621 γὰρ
326 3552 470 3621 εὐγνώμων
491 3553 536 3606 καὶ
554 3555 660 3617 κοινός,Ἰ
671 3554 760 3622 ὥσπερ
778 3554 886 3622 εἴρηται,
904 3552 1002 3621 μᾶλλον
1020 3552 1158 3623 ἐγκραθεὶς
1184 3553 1216 3607 δι’
1237 3552 1325 3623 ἀμφο-

155 3642 240 3711 τέρων
258 3643 402 3710 σύνδεσμος
420 3642 490 3696 ἔσται
509 3650 554 3712 τῆς
573 3642 754 3712 φιλαδελφίας.

263 3732 274 3761 ²
295 3732 347 3802 Τὴν
369 3729 437 3785 κατὰ
462 3732 542 3800 φύσιν
566 3733 643 3802 ἡμῶν
662 3733 749 3801 σχέσιν
770 3731 836 3802 πρὸς
861 3731 988 3802 ἀλλήλους
1012 3740 1058 3802 τῆς
1083 3731 1150 3787 κατὰ
1174 3735 1326 3802 προαίρεσιν

156 3821 221 3877 εἶναι
239 3821 394 3890 τιμιωτέραν
413 3820 494 3890 φησὶν
512 3821 588 3881 οὗτος
606 3824 622 3875 δ
639 3824 721 3893 λόγος.

263 3912 273 3942 ⁸
294 3911 331 3965 Τὰ
349 3911 379 3965 δὲ
396 3912 594 3980 προσκρούοντα
617 3921 670 3972 τοῖς
693 3913 785 3982 κέρασι
804 3919 857 3967 τῶν
874 3914 948 3983 βοῶν
966 3913 997 3967 οὐ
1016 3913 1135 3982 τυγχάνει
1153 3920 1198 3981 τῆς
1217 3913 1323 3982 ἀρίστης

153 4002 229 4056 καθζ
241 4002 372 4056 Ἠσίοδον
390 4001 582 4071 εὐθημοσύνης,
601 4002 847 4075 ἇλλὰσφαλλόμενα
859 4004 910 4062 καὶ
928 4005 1153 4073 παρολισθάνοντα
1171 4005 1325 4075 ῥπτομένοις

153 4093 254 4164 μᾶλλον
270 4092 288 4163 ἥ
306 4092 483 4164 σπειρομένοις
501 4091 663 4163 προσέοικεν.
