3146 4832
838 222 880 287 66

384 416 510 503 Reliqui
533 439 643 483 versus
665 439 745 503 quos
768 417 929 482 damnavit
950 416 1138 482 Plutarchus
1160 415 1193 481 hi
1216 423 1308 481 sunt:

383 524 450 592 Vv.
473 528 537 590 244
561 532 594 589 et
616 527 679 589 245
712 523 862 606 (Goettla
893 546 973 610 quos
1009 547 1080 588 cum
1112 523 1264 609 proximis
1297 522 1442 588 versibus

278 631 496 696 exscribimus:

435 735 512 806 οὐδὲ
534 744 679 826 γυναῖκες
700 736 879 806 τίκτουσιν·
902 731 1095 824 μινύθουσιν
1117 738 1154 805 δὲ
1178 731 1261 805 οίκοι

437 842 539 937 Ζηνδς
562 843 819 936 φραδμοσύνῃσιν
840 840 1036 930 Ὀλυμπίου·
1061 836 1175 912 δίλλοτε
1196 840 1224 911 δ’
1242 832 1317 912 αίτε

434 948 456 1043 ἢ
478 954 576 1039 achaya
599 950 733 1042 στρατὸν
757 948 848 1042 εδρδν
870 945 1037 1019 ἀπώλεσεν
1059 943 1080 1043 ἢ
1103 947 1157 1039 h'ye
1174 958 1278 1035 τεῖχος

434 1051 455 1150 ἢ
478 1059 553 1139 νέας
575 1059 608 1126 ἐν
630 1057 739 1147 ντόντιμ
762 1058 922 1151 Κρονίδης
945 1056 1136 1127 ἀποτίνεται
1159 1051 1272 1141 αὐτῶν,

277 1188 340 1250 qua
371 1164 410 1229 de
442 1187 535 1230 causa
566 1164 753 1229 Plutarchus
786 1165 939 1230 deleverit
969 1187 988 1229 a
1019 1164 1132 1229 Proclo
1164 1187 1225 1228 non
1260 1163 1444 1229 docemur1.

277 1272 428 1337 Delemus
444 1294 498 1337 eos
521 1281 554 1337 et
577 1273 646 1358 ipsi,
669 1270 763 1357 idque
778 1271 899 1336 duabus
915 1271 956 1336 de
971 1272 1087 1337 causis:
1110 1271 1244 1358 primum
1260 1293 1314 1338 eos
1331 1293 1444 1336 versus

276 1401 339 1443 non
362 1380 506 1443 omnibus
528 1379 617 1443 libris
640 1378 773 1443 traditos
799 1401 868 1443 esse
884 1378 1073 1443 Plutarchus
1088 1386 1222 1444 testatur
1244 1378 1287 1461 (id
1310 1378 1396 1463 quod
1415 1379 1444 1442 is

274 1485 401 1570 quidem
434 1509 496 1550 non
528 1508 586 1572 pro
613 1508 708 1550 causa
737 1485 862 1551 videtur
889 1485 1037 1550 habuisse
1065 1507 1120 1550 eos
1144 1485 1304 1571 eiciendi),
1326 1484 1444 1549 deinde

274 1593 371 1658 verba
385 1592 533 1678 languida
555 1587 668 1661 ditiore
688 1586 716 1660 δ
733 1583 809 1660 αίτε
831 1592 999 1656 manifesto
1015 1591 1159 1657 redolent
1173 1592 1331 1656 officinam
1346 1593 1444 1657 inter·

272 1700 432 1785 polatoris,
454 1701 507 1785 qui
531 1699 575 1764 ita
597 1722 708 1765 versus
732 1704 796 1764 244
820 1708 852 1764 et
876 1703 955 1780 245,
984 1700 1033 1765 sui
1056 1700 1173 1785 ingenii
1195 1699 1345 1778 fructum,
1368 1721 1444 1763 oon·

272 1807 425 1892 glutinare
449 1807 575 1872 volebat
596 1830 668 1871 cum
691 1807 834 1873 versibus
857 1806 910 1893 qui
934 1814 1115 1892 sequuntur.

379 1914 504 1982 Versus
528 1917 590 1980 317
615 1923 648 1978 et
672 1918 735 1980 318
759 1914 917 1997 (Goettl.):

432 2020 530 2102 αίδιδς
553 2015 582 2088 δ
599 2014 658 2089 οὐκ
681 2014 792 2110 ἀγαθὴ
815 2021 1006 2113 κεχρημένον
1029 2014 1130 2109 δίνδρα
1153 2019 1288 2105 κομίζει,

431 2126 538 2212 οιίδιιίς,
562 2120 609 2220 ἥτ’
634 2122 753 2216 δίνδρας
774 2128 857 2216 μέγα
881 2126 998 2195 σίνεται
1020 2120 1072 2219 ἠδ’
1097 2124 1236 2219 ὀνίνησιν

273 2234 365 2299 eiecit
391 2244 557 2322 propterea
584 2235 669 2320 quod
697 2257 737 2299 ex
763 2234 905 2299 Homero
933 2234 965 2297 in
992 2233 1171 2299 Hesiodum
1199 2234 1277 2298 illati
1301 2241 1411 2299 essent
1422 2240 1443 2299 ².

271 2340 368 2420 Quod
382 2364 591 2428 praepropere
606 2341 778 2406 iudicatum
794 2350 860 2406 est:
883 2341 962 2406 tales
985 2341 1069 2406 enim
1092 2342 1264 2406 sententias
1279 2348 1442 2427 tamquam

270 2449 437 2534 proverbia
463 2451 496 2512 in
520 2471 573 2513 ore
595 2449 756 2513 hominum
783 2448 880 2512 fuisse
904 2447 1038 2534 indeque
1061 2470 1081 2511 a
1107 2447 1322 2534 compluribus
1348 2449 1441 2513 simul

270 2557 373 2641 poetis
396 2556 548 2642 repetitas
577 2578 647 2620 esse
680 2565 712 2621 et
739 2563 904 2642 usurpatas
934 2563 967 2619 et
993 2554 1150 2620 interdum
1177 2556 1272 2619 etiam
1302 2564 1441 2620 mutatas

272 2685 421 2748 perquam
445 2662 614 2728 verisimile
637 2669 700 2743 est3
723 2662 877 2727 eiusmodi
900 2670 1005 2726 autem
1028 2670 1076 2726 est
1098 2685 1129 2727 v.
1153 2664 1226 2727 317.

377 2769 509 2854 Legitur
531 2771 614 2834 enim
636 2769 750 2834 leviter
772 2771 953 2834 immutatus
976 2769 1008 2832 in
1032 2768 1226 2837 Od.XV11
1250 2771 1331 2834 347:

353 2906 356 2911 ⁴
431 2875 531 2957 αίδιδς
553 2870 583 2944 δ’
600 2869 659 2946 oda
682 2872 792 2966 ἀγαθὴ
815 2877 995 2968 κεχρημένῳ
1019 2872 1111 2965 ἀνδρί
1133 2882 1299 2964 παρεῖναι.

375 2983 468 3048 Alter
490 2991 594 3049 extsat
616 2986 649 3048 in
670 2983 709 3048 Il.
731 2983 858 3051 XXIV
880 2987 941 3048 44:

430 3086 475 3173 ὥς
494 3087 636 3177 ’Λχιλεδς
658 3090 746 3160 ἔλεον
767 3092 828 3177 μὲν
852 3086 1030 3176 ἄντοίλεσεν,
1054 3083 1128 3158 οὐδὲ
1149 3088 1180 3158 ol
1203 3087 1305 3171 αίδώς

426 3198 575 3288 γίγνεται,
597 3192 645 3290 ἥτ’
669 3193 789 3288 ίίνδρας
809 3198 892 3285 μέγα
916 3197 1034 3266 σίνεται
1057 3190 1107 3289 ἠδ’
1131 3193 1280 3288 ὀνίνησιν.

269 3304 333 3368 Ηίο
355 3328 431 3371 vero
455 3327 526 3370 cum
553 3305 683 3392 pudoris
706 3306 848 3371 absentia
870 3307 1075 3392 vituperetur,
1103 3305 1243 3391 ineptum
1267 3327 1338 3369 esse
1362 3328 1439 3370 eun-

267 3411 340 3476 dem
362 3414 490 3476 noxium
514 3411 577 3477 dici
599 3415 660 3477 iam
683 3421 807 3479 veteres
836 3413 936 3477 critici
959 3411 1181 3477 intellexerunt
1207 3420 1301 3497 atque
1325 3434 1438 3477 ceusu·
1555 3491 1564 3505 ι

375 3575 384 3603 ¹
403 3573 467 3630 Vid.
487 3573 575 3628 Procl.
595 3574 631 3627 ad
649 3592 674 3629 v.
694 3575 758 3629 240:
778 3572 865 3627 δεῖδὲ
883 3573 1019 3628 συνάπτειν
1037 3581 1074 3641 τῷ

424 3662 500 3731 λιμδν
518 3664 584 3731 ὁμοῦ
603 3662 649 3716 καὶ
666 3664 765 3732 λοιμόν,
784 3663 999 3731 ἀποφθινύθουσι
1018 3662 1048 3715 δὲ
1065 3663 1126 3716 λαοί

267 3751 327 3811 τοὺς
345 3751 373 3806 ἕν
390 3760 443 3811 τοῖς
460 3753 564 3812 πολλοῖς
587 3753 748 3823 φερομένους
766 3752 914 3822 ὑπερβάντα
933 3752 981 3805 δύο
999 3753 1103 3820 στίχους
1121 3750 1183 3825 (τό)

424 3842 443 3911 ἤ
460 3848 542 3912 τῶυμε
560 3842 668 3912 στρατὸν
685 3840 802 3916 (εὐρὺν)
825 3841 958 3895 ἀπώλεσεν

423 3931 469 3986 καί
487 3932 518 3986 τὰ
536 3932 604 4001 ἑξῆς.
624 3934 693 3986 οὕτω
712 3932 892 3999 Πλούταρχος.

371 4021 382 4051 ²
400 4020 465 4076 Vid.
485 4022 574 4078 Procl.
593 4021 628 4077 ad
646 4020 673 4076 h.
688 4021 719 4075 l.:
736 4020 830 4079 ἀἰδὼς
849 4019 926 4074 δὀὐκ
945 4019 1054 4090 ἀγαθή)
1075 4020 1121 4077 καί
1140 4027 1229 4075 τοῦτον
1246 4020 1293 4074 καί
1312 4022 1356 4076 τδν
1374 4023 1434 4092 ἑξῆς

264 4112 351 4180 στίχον
368 4112 603 4182 ααρεμβνβλῆσδαι
620 4111 770 4181 ληφθέντας
788 4111 840 4166 eiad
858 4118 903 4165 τοῦ
919 4111 1045 4181 Ὀμήρου
1064 4111 1110 4165 καί
1127 4111 1300 4180 Πλούταρχος
1319 4110 1397 4167 εἶπεν.

1452 780 1562 849 ..ι
