3146 4832
868 229 911 293 48

305 417 360 492 τδν
383 425 461 514 περί
484 426 574 492 τοῦτο
596 422 641 514 μή
665 423 857 511 πεισόμενον
879 422 1029 518 μείζονοςΙ
1045 418 1132 506 ἀξιον
1148 418 1231 493 εἶναι
1245 418 1463 511 καταγνώσεως

305 525 348 612 ιῦς
376 528 604 623 ἀνεπιτήδειον
631 529 716 620 πρὸς
743 530 899 600 παιδείαν
927 532 998 616 (διὰ
1025 532 1157 599 πάντων
1187 528 1271 623 ἡμᾶς
1303 527 1463 598 παιδεύων

304 637 350 719 εἰς
381 635 543 725 εὐσέβειαν
574 637 650 701 dicit
677 638 710 702 in
738 638 857 702 scholio
885 638 926 703 ad
954 661 984 704 v.
1009 642 1026 702 7
1031 643 1092 723 35).
1141 637 1266 702 Deinde
1289 659 1365 703 vero
1392 637 1466 700 nihil

304 746 429 810 obstare
453 748 619 830 quominus
641 745 810 809 Plutarcho
833 745 1010 810 tribuantur
1040 768 1120 830 quae
1147 746 1180 809 in
1208 745 1326 809 scholio
1349 744 1389 809 de
1410 744 1465 808 flu-

303 853 439 917 minibus
462 860 498 916 ut
520 851 650 916 deorum
676 852 863 937 imaginibus
887 861 1086 938 exponuntur
1112 851 1204 916 docet
1229 852 1317 916 locus
1345 853 1399 937 qui
1420 860 1464 915 est

303 959 343 1024 de
366 959 409 1024 Is.
432 967 465 1024 et
487 958 571 1024 Osir.
595 981 660 1045 cap.
678 961 733 1023 76:
758 958 843 1027 ..ol
867 951 1085 1045 δοκιμώτατοι
1107 965 1168 1027 τῶν
1191 956 1379 1051 φιλοσόφων
1403 952 1461 1026 ott

305 1068 339 1135 ἕν
363 1065 503 1155 ἀψύχοις
525 1067 581 1134 καί
605 1058 791 1152 ἀσωμάτοις
812 1066 1003 1155 πράνμασιν
1027 1065 1159 1154 αἴνιγμα
1182 1073 1240 1135 τοῦ
1261 1066 1354 1135 θείου
1377 1093 1464 1134 κατι-

305 1174 413 1254 δόντες
435 1167 542 1263 ήξίοον
565 1167 690 1259 ἀμελεῖν
721 1170 812 1241 οὐδὲν
845 1169 912 1242 οὗδ
938 1166 1104 1260 ἀτιμόζειν
1129 1227 1136 1242 .
1164 1228 1184 1257 .,
1217 1180 1310 1259 atque
1339 1171 1464 1266 μίμημα

302 1283 384 1348 θεοῦ
406 1280 573 1366 Aegyptiis
597 1282 755 1345 exstitisse
778 1279 893 1345 dicitur
915 1279 1090 1345 crocodilus
1113 1284 1243 1367 caplh,
1265 1280 1465 1365 similiterque

303 1387 343 1451 de
365 1396 464 1472 tranq.
481 1410 529 1452 an.
544 1410 612 1474 cap.
629 1390 670 1451 20
693 1386 880 1452 Plutarchus
902 1386 1066 1452 Platonem
1089 1396 1215 1453 secutus
1238 1387 1378 1475 appellat
1399 1409 1463 1450 cum

303 1494 368 1559 sole
401 1504 434 1559 et
463 1494 538 1559 luna
568 1495 696 1558 fiumina
727 1498 847 1588 νοητῶν
878 1495 1048 1585 μιμήματα
1081 1494 1222 1588 ἔμφυτον
1256 1488 1354 1585 ἀρχὴν
1388 1497 1464 1585 ζωῆς

303 1601 423 1687 ἔχοντα.
465 1603 556 1680 Quos
579 1604 633 1686 qui
655 1602 741 1666 locos
757 1603 917 1688 scripserit
935 1603 1098 1690 scripsisse
1114 1605 1208 1667 etiam
1224 1601 1378 1667 scholium
1393 1600 1463 1665 illud

303 1732 366 1774 non
397 1707 567 1774 absmdum
598 1708 725 1774 videtur
755 1718 876 1795 putare.
930 1709 1038 1775 Unum
1070 1710 1195 1774 obstare
1225 1708 1354 1774 videtur
1386 1707 1463 1794 quod

302 1840 396 1882 voces
418 1816 574 1908 τρόφιμος
596 1825 629 1881 et
651 1813 821 1910 αὖξήτικός
842 1817 874 1880 in
898 1816 1134 1902 Wyttenbachii
1156 1816 1257 1881 lexico
1279 1816 1463 1880 Plutarcheo

302 1946 364 1988 non
387 1925 598 2004 inveniuntur,
621 1926 666 1987 ita
687 1933 723 1987 ut
737 1923 907 1989 Plutarcho
929 1925 1097 1988 inusitatae
1121 1946 1189 1989 esse
1212 1925 1337 2010 possint
1361 1923 1462 1990 vider't

303 2031 453 2095 Attamen
475 2030 632 2122 τρόφιμος
649 2030 822 2095 identidem
838 2031 981 2111 occurrit,
1004 2031 1091 2097 velut
1106 2030 1146 2095 de
1162 2030 1233 2096 aud.
1248 2038 1333 2117 poet.
1350 2054 1418 2119 cap.
1434 2035 1460 2095 l:

302 2136 384 2205 ollem
408 2136 447 2227 δή
471 2139 527 2205 καί
550 2145 706 2231 ποιητικῇ
729 2136 815 2206 πολὺ
830 2139 890 2223 μὲν
906 2135 943 2206 τὸ
959 2132 1017 2228 hdr>
1033 2139 1090 2206 καί
1105 2136 1260 2229 τρόφιμον
1274 2139 1349 2206 νέου
1366 2143 1457 2228 ψυχῆς

303 2244 422 2313 ἔνεστιν
445 2253 477 2308 et
499 2246 531 2308 in
553 2252 672 2330 quaest.
696 2267 786 2310 conv.
809 2244 902 2311 VIII
926 2249 961 2309 5:
1000 2241 1018 2312 ὃ
1042 2249 1157 2327 Νεῖλος
1182 2251 1288 2332 χυμῶν
1320 2238 1460 2331 ἀναπίμ·

301 2355 426 2419 πλαται
463 2352 595 2438 δύναμιν
628 2351 770 2443 ἐμβριθῆ
806 2353 862 2419 καί
900 2350 1057 2443 τρόφιμον
1094 2352 1262 2437 ἐχόνττων,·
1299 2348 1463 2446 αὖξητικός

301 2459 414 2544 legitur
445 2460 477 2523 in
510 2459 620 2523 scholii
643 2458 683 2523 ad
713 2482 744 2523 v.
769 2462 831 2524 817
865 2468 954 2546 parte
985 2461 1158 2545 posteriore
1190 2482 1209 2523 a
1237 2459 1383 2545 Patzigio
1413 2481 1461 2546 pro

300 2565 488 2630 Plutarchea
518 2568 678 2651 recognita
709 2565 760 2648 (cf.
787 2590 817 2652 p.
842 2570 903 2650 34).
958 2565 1022 2630 Sed
1050 2567 1172 2630 etiamsi
1199 2588 1356 2651 nusquam
1387 2564 1460 2653 apud

300 2673 503 2737 Plutarchum
534 2674 741 2753 inveniretur,
774 2672 834 2737 hcc
865 2695 923 2737 nos
955 2695 1018 2737 non
1049 2682 1199 2738 moveret.
1258 2674 1344 2738 Nam
1377 2676 1458 2738 etiam

300 2780 499 2865 μαλακτικός
530 2802 592 2843 uno
625 2779 693 2844 loco
728 2778 779 2863 (de
801 2780 845 2844 Is.
869 2788 901 2844 et
924 2780 1008 2845 Osir.
1031 2802 1098 2866 cap.
1119 2783 1172 2865 80)
1196 2788 1308 2861 exstat,
1341 2791 1376 2846 et
1405 2808 1452 2868 pc-

300 2879 429 2955 λάσσειν
456 2886 541 2951 haud
568 2886 633 2950 scio
656 2909 696 2950 an
723 2909 786 2950 non
808 2888 907 2950 rarius
936 2888 1136 2975 usurpaverit
1161 2887 1350 2952 Plutarchus
1378 2907 1447 2974 quau

300 2989 457 3077 αάξάνειν.

405 3101 457 3165 Ex
480 3101 599 3166 scholio
622 3100 661 3165 ad
685 3124 714 3166 v.
740 3104 802 3166 733
827 3100 967 3186 (Gaistlz

458 3205 532 3302 μηδ’
559 3204 630 3277 ἀπὸ
654 3207 836 3299 δυσφήμοιο
859 3206 962 3300 τάφου
986 3202 1254 3299 ἀπονοστήσαντα

459 3315 670 3406 σπερμαίνειν
692 3316 807 3410 μενόήν,
831 3309 901 3383 ἀλλ’
927 3312 1101 3384 ἀθανάτων
1126 3313 1194 3385 ἀπὸ
1217 3315 1329 3398 δαιτός

299 3422 469 3487 Plutarcho
486 3421 690 3487 adscribimus
710 3423 805 3487 haec:
829 3423 886 3514 τήν
909 3416 1007 3512 ἀρχὴν
1031 3417 1167 3491 ἓκάστου
1190 3427 1254 3490 τῶν
1277 3420 1460 3492 σπουδαίων

302 3528 400 3619 ἔργων
423 3530 517 3598 θεῖόν
548 3557 579 3597 τι
608 3533 658 3598 δεῖ
688 3530 854 3616 νομίζειν·
876 3537 1020 3616 μιμεῖται
1054 3530 1112 3620 γὰρ
1142 3531 1200 3623 τὴν
1229 3531 1345 3621 κυρίως
1371 3524 1460 3619 ἀρχὴν

300 3635 381 3704 θεδν
405 3626 513 3705 οὖσαν.
538 3640 716 3704 σπουδαῖον
739 3639 775 3704 δὲ·
799 3638 855 3704 καί
878 3632 1073 3727 ήτέκνωσις,
1098 3632 1152 3706 ἀτε
1167 3641 1359 3707 συντελοῦσα
1382 3633 1460 3725 πρὸς

299 3742 357 3834 τήν
380 3740 589 3831 ἀειγενεσίαν.
620 3743 657 3811 οὗ
681 3747 732 3811 δεῖ
754 3736 810 3812 οὖν
831 3750 1006 3812 ποιεῖσθαι
1029 3745 1144 3838 ταύτην
1166 3741 1236 3814 ἀπὸ
1263 3742 1458 3831 μιασμάτων,
1546 3777 1547 3784 ¹

300 3844 371 3918 ἀλλ’
397 3846 468 3919 ἀπὸ
491 3849 721 3944 καθαρότητος,
744 3848 829 3939 πρὸς
850 3850 885 3918 τδ
910 3852 965 3919 καί
989 3846 1182 3920 ὑπεναντίαν
1204 3847 1291 3920 εἶναι
1311 3850 1368 3944 τήν
1390 3849 1457 3917 τίκ·

300 3984 397 4026 νωσιν
419 3964 458 4048 τῇ
480 3962 543 4026 τῶν
565 3956 676 4049 τόφων
699 3958 824 4047 ἐννοίᾳ
848 3960 905 4025 καί
931 3958 991 4049 μάρ
1019 3959 1138 4048 γε’νεσίς
1165 3962 1233 4028 ἐστι
1261 3961 1319 4027 καὶ
1342 3944 1456 4051 φθοραί·

302 4070 352 4134 δεῖ
383 4058 436 4133 σόν
469 4064 538 4134 ἀπὸ
571 4063 681 4145 δαιτὸς
711 4068 813 4150 θεῶν,
850 4067 992 4136 τουτέστι
1022 4074 1118 4148 θεοῖς
1147 4066 1375 4158 προσελθόντα
1404 4059 1458 4132 καὶ
