3146 4832
785 331 821 336 ψ
871 238 912 301 36

306 435 472 519 ἐμπαθῶς
500 430 667 516 δικάζειν·
700 435 769 500 πᾶν
800 432 860 524 γάρ
892 431 1007 514 πάθος
1033 416 1176 521 σκολιόν,
1209 425 1252 512 ῶς
1280 425 1405 498 ἁπλοῦν
1432 429 1470 499 τὸ

307 539 444 621 ἀπαθές
470 539 639 604 Plutarcho
669 539 827 604 tribuendi
858 562 984 605 causam
1016 540 1093 604 satis
1124 540 1238 604 iustam
1270 537 1475 624 suppeditant

307 648 404 713 verba
425 647 481 715 διὰ
504 646 541 716 τδ
565 700 624 714 ...
653 647 817 732 ἐμπαθῶς
840 647 1004 731 δικάζειν·
1028 650 1097 714 πᾶν
1119 646 1178 735 γάρ
1200 643 1315 726 πάθος
1337 642 1475 727 σκολιόν,

307 751 351 836 ῶς
374 749 500 822 ἁπλοῦν
521 754 558 823 τὸ
591 749 734 834 ἀπαθές.
790 754 887 833 Quod
919 754 1002 818 enim
1033 753 1084 818 hic
1113 752 1153 817 de
1181 753 1380 839 simplicitate
1403 751 1476 816 eius

309 861 424 926 dicitur
446 860 531 946 quod
553 859 668 926 affectu
695 869 792 942 caret,
819 859 904 925 idem
930 860 1043 926 iisdem
1069 860 1136 926 fere
1159 860 1263 925 verbis
1285 859 1477 925 Plutarchus

307 966 429 1055 profert
459 967 501 1032 de
532 967 701 1054 tragoediis
724 967 856 1053 loquens
887 967 928 1033 de
960 966 1031 1032 aud.
1053 976 1138 1054 poet
1169 990 1235 1054 cap.
1261 970 1298 1032 7:
1344 964 1380 1035 τὸ
1411 966 1477 1056 γάρ

308 1075 463 1161 ἐμπαθὲς
489 1075 546 1142 καί
573 1073 760 1166 παράλογον
783 1076 841 1143 καί
867 1070 1113 1168 ἀπροσδόκητον
1135 1130 1141 1142 .
1164 1127 1171 1142 .
1194 1127 1201 1142 .
1225 1072 1261 1143 τὸ
1291 1070 1318 1142 δ
1348 1067 1478 1142 άπλοῦν

309 1177 446 1262 άπαθές
468 1182 525 1249 καί
548 1173 685 1267 άμυθον.
726 1182 924 1266 Argumenta
946 1182 1041 1268 igitur
1067 1204 1131 1246 non
1157 1182 1202 1246 ita
1224 1181 1351 1261 similia,
1377 1180 1480 1245 verba

308 1311 348 1353 ex
370 1296 460 1375 parte
482 1287 592 1353 eadem
597 1313 606 1369 3
629 1311 709 1373 quae
727 1288 818 1354 nobis
834 1288 961 1374 quidem
978 1289 1018 1355 ab
1034 1288 1144 1354 eodem
1160 1289 1311 1374 scriptore
1326 1287 1480 1353 videntur

308 1395 448 1483 profecta
475 1417 553 1461 esse.
602 1395 709 1460 Etiam
736 1394 776 1460 de
798 1404 898 1481 tranq.
921 1419 969 1462 an.
991 1418 1058 1482 cap.
1084 1399 1100 1460 7
1125 1405 1161 1461 ut
1187 1396 1220 1460 in
1247 1395 1366 1461 scholio
1393 1396 1479 1460 inter

308 1525 343 1568 se
375 1511 576 1589 opponuntur
606 1499 642 1571 τὸ
675 1498 800 1573 ἁπλοῦν
833 1505 890 1572 καί
911 1502 949 1573 τὸ
977 1501 1106 1573 σκολιόν
1135 1504 1240 1569 verbis
1273 1499 1327 1588 υδχ
1355 1496 1478 1584 ἁπλοῖς

308 1601 426 1699 ίζθεσιν
449 1604 523 1679 οὗδέ
545 1617 690 1704 χρηστοῖς
709 1663 717 1678 .
734 1664 752 1694 .,
769 1606 852 1679 άλλὰ
875 1610 1048 1701 καγχάρυις
1070 1610 1233 1679 τὰπολλὰ
1254 1612 1311 1679 καί
1334 1613 1477 1692 σκολιοῖς

309 1721 516 1786 διακονεῖται.
584 1718 658 1782 Non
689 1718 788 1803 liquet
819 1717 859 1783 de
892 1718 1002 1783 scholii
1032 1727 1121 1806 parte
1152 1719 1267 1783 altera:
1317 1724 1390 1798 ταῖς
1420 1710 1476 1785 οὖν

308 1827 453 1905 σκολιαῖς
476 1825 582 1905 δίκαις
609 1826 729 1893 ἕπεται
751 1826 808 1893 καί
830 1822 851 1916 ἡ
874 1824 1045 1916 ἐπιορκία·
1069 1824 1099 1894 οῖ
1123 1823 1181 1915 γάρ
1204 1821 1313 1915 ὀρθῶς
1335 1824 1475 1907 δικάζειν

309 1931 404 2016 δόξαν
427 1929 512 2015 ἔχειν
535 1932 700 2013 ἐθέλοντες
722 1923 848 2018 ῶμνυον
871 1926 978 2023 ὄρθῶς
1000 1925 1151 2017 δικάσειν,
1174 1925 1244 2000 ἄλλ’
1266 1925 1304 2000 οὗ
1327 1935 1470 2011 σκολιῶς.

308 2039 408 2130 τρέχει
430 2035 489 2127 γάρ
513 2032 530 2107 ὁ
554 2035 648 2127 ὅρκος
671 2036 739 2124 ἅμα
760 2046 833 2119 ταῖς
855 2042 999 2121 σκολιαῖς
1021 2039 1128 2121 δίκαις
1143 2034 1223 2125 ἐμοῦ
1238 2066 1272 2107 τε
1287 2040 1377 2106 θέων
1393 2036 1468 2128 πρὸς

307 2146 383 2226 τοὺς
404 2146 449 2236 μὴ
472 2142 669 2226 δικάσαντας
692 2138 810 2235 ὀρθῶς.
835 2149 927 2239 δηλοῖ
954 2147 990 2215 δὲ
1018 2147 1054 2215 τὸ
1077 2148 1169 2215 θέειν
1191 2144 1226 2214 τὸ
1249 2143 1343 2234 παρὰ
1367 2146 1460 2223 πόδας

308 2253 548 2321 ἐπακολουθεῖν
569 2252 627 2343 τὴν
656 2253 694 2320 ἐκ
715 2255 773 2342 τῆς
800 2252 970 2341 ἐπιορκίας
991 2252 1148 2342 τιμωρίαν
1170 2260 1238 2333 τοῖς
1261 2256 1399 2334 σκολιῶς
1424 2255 1463 2320 δι-

309 2358 454 2428 κάσασιν.
494 2358 657 2424 Sententia
679 2358 805 2444 quidem
830 2367 969 2424 extrema
991 2358 1032 2424 ad
1053 2359 1195 2425 Platonis
1219 2359 1380 2445 exemplar
1403 2381 1469 2423 oon·

307 2466 443 2531 formata
469 2466 596 2532 videtur
626 2488 696 2531 esse
725 2466 759 2529 in
789 2466 870 2553 legg.
896 2466 932 2533 V
950 2490 980 2553 p.
1003 2466 1103 2532 60ss
1135 2465 1268 2532 dicentis
1292 2459 1471 2535 υύιόλουθον

308 2568 392 2643 εἶναι
412 2573 569 2664 τιμωρίαν
593 2567 730 2657 άδικίας,
760 2571 846 2659 quod
868 2575 996 2638 novisse
1019 2572 1222 2638 Plutarchum
1245 2572 1418 2639 ostendunt
1438 2594 1473 2637 ca

308 2703 388 2765 quae
411 2681 538 2766 scripsit
560 2679 600 2744 de
623 2701 674 2744 ser
696 2703 778 2744 num.
801 2679 888 2745 vind.
910 2703 978 2767 cap.
996 2684 1033 2746 9:
1079 2678 1121 2748 τὰ
1142 2679 1248 2749 λοιπὰ
1270 2680 1306 2748 δὲ
1326 2676 1474 2749 Ἡσιόδου

306 2786 365 2878 χρὴ
388 2786 530 2873 νομίζειν
553 2779 741 2875 ἀκροᾶσθαι
763 2788 910 2874 λέγοντος
933 2780 989 2872 οὗχ
1004 2777 1025 2878 ᾗ
1039 2787 1179 2855 Πλάτων
1195 2780 1379 2856 άκόλσυθον
1394 2783 1477 2856 εἶναι

308 2892 466 2982 τιμωρίαν
493 2890 622 2973 άδικίας
648 2892 777 2984 πάθην,
806 2886 876 2961 άλλ)
900 2889 1066 2984 ἡλικιῶτιν
1097 2896 1133 2963 ἐκ
1155 2898 1210 2985 τῆς
1232 2887 1331 2984 αίτῆς
1354 2889 1477 2981 ὁμόθεν
1543 2892 1544 2901 ’

308 3000 413 3090 χώρας
443 3001 500 3068 καί
532 2999 622 3092 ῥίζης
653 3001 946 3095 συνυποφυομένην.
1002 3001 1076 3066 Hoc
1102 3002 1197 3086 igitur
1218 3002 1288 3065 loco
1311 3000 1477 3066 Platonem
1542 2956 1544 3057 l

308 3107 496 3173 Plutarchus
519 3130 583 3173 non
606 3107 755 3193 sequitur,
778 3115 903 3172 secutus
927 3116 977 3172 est
998 3107 1133 3173 fortasse
1156 3110 1189 3173 in
1212 3108 1341 3173 scholio.
1542 3134 1544 3195 γ

415 3214 505 3280 Sicut
526 3222 631 3279 autem
645 3214 697 3278 hic
718 3214 755 3283 τὸ
772 3211 900 3283 ἁπλοῦν
922 3216 978 3284 καὶ
993 3213 1028 3284 τὸ
1045 3212 1180 3299 σκολιόν,
1203 3216 1248 3280 ita
1269 3214 1307 3284 τὸ
1323 3215 1476 3284 ποικίλον
1543 3240 1544 3247 ·

310 3322 366 3390 καὶ
392 3319 430 3390 τὸ
459 3316 585 3390 ἁπλοῦν
616 3322 698 3387 inter
730 3344 763 3387 se
796 3332 997 3408 opponuntur
1028 3325 1060 3386 in
1093 3322 1293 3388 adnotatione
1322 3324 1473 3387 versusl

309 3427 445 3513 (Gustu

468 3542 539 3625 ῥεῖα
562 3535 599 3604 δέ
622 3529 648 3603 τ’
665 3535 772 3605 ἰθύνει
795 3537 924 3605 σκολιὸν
947 3537 1004 3605 καί
1027 3533 1166 3628 άγήνορα
1189 3533 1317 3627 κάρφει.
1344 3618 1346 3623 y

308 3642 364 3711 τὸν
386 3641 538 3710 ποικίλον
560 3640 597 3710 τὸ
621 3632 704 3733 ἦθος
726 3643 781 3711 διὰ
804 3642 1005 3732 πανουργίαν
1029 3643 1156 3712 σκολιὸν
1181 3636 1337 3728 ὀνομάζει.
1366 3650 1476 3711 τοῦτον

310 3739 364 3819 οὖν
397 3747 524 3817 ίθίνειν
554 3750 638 3836 λέγει
668 3747 724 3818 τὸν
755 3749 820 3817 Δία
852 3749 955 3818 πάλιν
981 3749 1029 3831 είς
1054 3747 1091 3820 τὸ
1120 3745 1248 3819 διπλοῦν
1271 3750 1476 3837 ἐπανάγοντα
1542 3732 1544 3841 l

310 3846 394 3947 ἦθος
417 3854 472 3924 διὰ
503 3855 599 3938 το(”·>
631 3855 780 3939 κολάζειν
813 3849 907 3924 αέτὸν
929 3856 962 3925 ἐν
984 3863 1024 3947 τῇ
1050 3856 1240 3947 πανουργία.
1286 3857 1394 3942 Atque
1421 3856 1475 3920 has

309 3986 433 4049 quoque
456 3985 551 4029 voces
574 3986 646 4028 cum
672 3963 760 4027 iuxta
786 3985 903 4049 ponere
935 3964 1034 4029 soleat
1060 3964 1261 4043 Plutarchus,
1292 3963 1380 4028 velut
1402 3962 1477 4026 dicit

309 4070 349 4139 de
372 4071 453 4143 adul,
477 4078 510 4137 et
531 4071 618 4136 amic.
641 4092 707 4159 cap.
733 4071 769 4135 7:
803 4066 861 4156 οὐχ
892 4068 1019 4153 διπλοῦς
1050 4067 1124 4145 οὐδὲ
1155 4065 1214 4156 εἷς,
1243 4064 1325 4141 ἀλλὰ
1352 4095 1475 4141 παντο·
1543 4086 1544 4177 ρ
