3146 4832
693 269 737 332 43

125 465 202 529 loco
224 465 384 551 proprium
407 464 544 530 laborem
567 486 624 550 pro
647 462 829 529 condicione
852 485 967 549 ponere
990 461 1068 527 dicit
1089 470 1215 551 poetam
1238 460 1293 527 dc-

126 595 221 636 orum
242 573 462 652 invocationis,
493 573 526 637 in
554 570 673 639 scholio
700 593 772 637 cum
798 578 977 639 monentem
1003 569 1080 637 tacit
1107 578 1144 633 ut
1165 571 1293 657 proprio

127 679 229 745 labori
261 680 390 744 deorum
421 679 579 744 invocatio
611 677 747 747 accedat
801 678 968 745 Praeterea
999 677 1060 742 alia
1089 676 1292 743 Plutarchum

131 795 289 853 auctorem
318 785 463 873 produnt
521 785 640 853 Mirum
673 787 757 851 enim
788 792 939 870 quantum
971 784 1073 869 diligit
1103 783 1291 849 Plutarchus

130 893 256 959 dicendi
278 894 444 960 formulam
467 890 524 978 οὐχ
547 889 662 974 ἁπλῶς
685 947 692 963 .
716 946 722 963 .
745 947 752 960 .
782 889 882 975 άλλά,
911 892 999 959 velut
1026 892 1139 978 legitur
1164 892 1205 957 de
1228 913 1293 959 san.

128 1024 231 1087 praec.
259 1024 325 1087 cap.
350 1004 387 1066 6:
435 998 493 1085 οὐχ
524 998 640 1082 ἁπλῶς
668 997 705 1068 τδ
736 1005 878 1090 χρῆσθαι
911 996 1034 1080 τούτοις
1066 992 1292 1092 ἀπηγόρευσεν,

127 1102 213 1176 attat
239 1113 380 1200 χρῆσθαι
408 1108 572 1194 δεομένους
595 1107 762 1177 ἐδίδασκεν
785 1115 817 1172 et
838 1106 918 1171 Plat.
941 1114 1061 1191 quaest.
1084 1128 1151 1192 cap.
1174 1109 1208 1171 4:
1238 1099 1292 1190 cix

127 1211 244 1297 ἁπλῶς
266 1217 332 1285 ἐστι
355 1215 486 1308 κίνησις,
511 1209 591 1299 ἄλλ’,
621 1210 733 1304 ὥσπερ
756 1210 886 1308 έίρηται,
910 1212 1031 1305 κίνησις
1053 1214 1085 1281 έν
1107 1213 1207 1296 τάξεις
1236 1235 1294 1279 σεο

125 1325 232 1389 minus
261 1321 483 1389 Plutarcheum
511 1322 635 1387 videtur
666 1321 784 1389 dictum
815 1322 848 1385 in
883 1322 944 1385 fine
976 1320 1113 1407 positum
1146 1319 1293 1400 Socratis,

124 1453 223 1516 quern
244 1430 318 1495 alibi
340 1452 464 1516 quoque
487 1429 673 1497 Plutarchus
696 1428 738 1493 ad
764 1437 869 1514 partes
893 1435 986 1492 vocat
1008 1450 1078 1495 cum
1105 1426 1216 1493 eadem
1239 1449 1294 1492 nc-

124 1537 293 1623 glegentia‚
315 1559 373 1602 nec
400 1539 585 1623 scriptorem
616 1558 673 1601 uec
695 1536 810 1602 librum
839 1538 1004 1603 nominans
1031 1533 1114 1601 uude
1146 1534 1293 1601 hauserit

124 1645 180 1709 Ita
194 1644 305 1709 scribit
319 1644 359 1709 de
375 1646 486 1711 curios,
502 1666 568 1729 cap.
586 1647 643 1709 13:
667 1642 824 1732 καθάπερ
847 1641 905 1732 γὰρ
929 1637 947 1711 ὁ
963 1640 1134 1733 Σωκράτης
1151 1638 1294 1732 παρῄνει

126 1749 349 1843 φυλάττεσθαι
371 1758 434 1819 τῶν
457 1750 636 1839 βρωμάτων
658 1746 719 1819 ὅσα
741 1750 786 1840 μὴ
809 1752 988 1830 πεινῶντας
1010 1748 1134 1818 ἐσθίειν
1153 1742 1292 1819 άναπεί-

125 1867 185 1928 θαι
209 1860 266 1927 καὶ
289 1865 352 1927 τῶν
374 1856 530 1945 πομάτων
553 1855 614 1927 ὅσα
641 1857 746 1926 πίνειν
772 1856 817 1949 μὴ
840 1860 1020 1945 διψῶντας,
1047 1850 1130 1927 οὕτω
1152 1853 1212 1947 χρὴ
1235 1857 1292 1927 καὶ

126 1962 212 2058 ἡμᾶς
242 1971 307 2034 τῶν
340 1962 570 2052 θεαμάτων..
595 1964 816 2056 φυλάττεσθαι
841 1958 899 2033 ὅσα
924 2017 957 2035 ..
990 1958 1186 2053 προσάγεται
1217 1960 1292 2046 τοὺς

125 2075 227 2166 μηδὲν
249 2073 420 2159 δεομένους
445 2072 540 2137 etde
562 2072 632 2141 fiat
654 2095 713 2136 am,
737 2094 803 2158 cap.
828 2073 887 2136 16:
921 2065 938 2139 δ
960 2069 1094 2159 μὲνγὰρ
1118 2055 1291 2165 Σωκράτης

126 2180 214 2269 ἔλεγε
237 2180 415 2267 βούλεσθαι
440 2185 575 2268 Δαρεῖον
599 2177 678 2264 ἔχειν
700 2181 821 2264 μᾶλλον
844 2177 940 2268 φίλον
964 2170 984 2269 ἢ
1006 2177 1042 2245 τὸ
1065 2176 1223 2267 δαρεικόν.

232 2287 392 2372 Deinceps
415 2286 547 2351 dicimus
571 2286 610 2351 de
633 2285 753 2351 scholio
776 2285 817 2350 ad
840 2308 869 2351 v.
894 2288 956 2349 500
981 2307 1026 2370 sq.
1050 2283 1187 2369 (Gaisl.):

286 2393 409 2463 δείκνυε
431 2395 468 2461 δέ
491 2391 631 2478 δμώεσσι
653 2388 766 2482 θέρευς
789 2390 838 2460 έτι
860 2392 981 2477 μέσσου
1005 2391 1128 2474 ε’όντος·

284 2494 356 2571 (οὖν
377 2500 441 2569 αἰεί
465 2501 563 2589 θέρος
586 2501 736 2582 ἐσσεῖται,
759 2505 914 2567 ποιεῖσθε
936 2496 1078 2579 ταλιάς.’

132 2605 188 2675 διά
208 2608 316 2677 τούτου
339 2613 396 2677 τοῦ
418 2607 688 2697 παραγγέλματος
710 2607 767 2677 καί
793 2603 835 2673 τά
857 2600 956 2691 ὅμοια
983 2606 1132 2699 νοητέον·
1157 2597 1216 2673 οὐκ
1238 2598 1292 2673 ἀεὶ

128 2708 355 2806 εὐτυχήσομεν·
388 2714 671 2803 παρασκευαστέον
703 2706 837 2782 οὖνκαὶ
868 2711 952 2801 πρὸς
978 2711 1036 2793 τὰς
1067 2710 1292 2802 περιστάσεις·

124 2818 200 2890 οὐδὲ
223 2816 274 2890 ἀεὶ
297 2817 500 2910 δγιανοῦμεν·
525 2822 730 2912 φροντιστέον
752 2813 877 2889 οὖνκαὶ
892 2824 956 2887 τῶν
971 2826 1041 2900 τοῖς
1055 2818 1160 2899 νόσοις
1174 2820 1291 2910 ἐπιτη-

123 2929 238 2999 δείων·
263 2924 362 3010 ου’τως
392 2921 447 2997 οὖν
474 2929 529 2997 καὶ
562 2928 716 3022 οἰκήσεων
747 2929 780 2995 έν
805 2929 896 3017 θέρει
923 2926 979 2995 διὰ
1005 2924 1062 3017 τὴν
1090 2924 1210 2994 έλπίδα
1236 2928 1293 3016 τῆς

120 3040 180 3107 τοῦ
212 3041 369 3122 χειμῶνος
400 3039 593 3126 προσβολῆς.
653 3035 726 3099 Ηοο
763 3056 886 3120 quoque
918 3032 1089 3098 Plutarcho
1125 3033 1291 3099 tribuimus

120 3152 293 3231 propterea
314 3142 400 3228 quod
425 3143 612 3228 conspicuus
640 3144 673 3204 iu
695 3164 733 3205 co
766 3150 815 3205 est
841 3140 1001 3207 Plutarchi
1028 3162 1097 3205 mos
1124 3147 1291 3226 praecepta

119 3251 275 3338 specialia
301 3249 342 3314 ad
363 3250 541 3335 generalem
563 3271 690 3314 sensum
711 3247 929 3312 transferendi.

232 3356 436 3422 Adversum
461 3359 522 3421 557
548 3355 685 3440 (Gaisfip

285 3470 384 3555 τῆμος
405 3457 526 3550 τάμισυ
549 3462 665 3550 βουσίν,
689 3458 743 3529 ἐπ’
769 3455 859 3550 άνέρι
882 3462 919 3531 δέ
942 3462 1044 3531 πλέον
1066 3459 1117 3555 εἴη

286 3566 445 3661 ἁρμαλιῆς

118 3682 200 3745 haec
234 3686 308 3742 sunt
339 3675 504 3743 adnotata:
551 3676 606 3746 διὰ
633 3676 685 3745 τόν
711 3678 868 3765 χειμέριον
894 3681 978 3767 μῆνα
1008 3674 1127 3768 τροφὴν
1154 3675 1292 3745 πλείονα

119 3787 245 3856 κελεύει
269 3785 412 3855 διδόναι·
440 3792 509 3867 τοῖς
530 3787 589 3871 μέν
611 3786 703 3872 βουσί
725 3782 763 3855 τδ
786 3779 883 3875 ἥμισυ
906 3790 962 3875 τῆς
976 3783 1133 3872 εἰωθυίας
1155 3807 1291 3875 προστι-

120 3895 237 3976 θέντα,
261 3899 329 3973 τοῖς
350 3894 387 3961 δὲ
409 3886 603 3981 άνθριίποις
634 3892 736 3960 πλέον
768 3884 788 3982 ἢ
815 3890 850 3959 τὸ
879 3886 976 3983 ἥμισυ
996 3912 1003 3925 ·
1027 3891 1055 3959 εἰ
1086 3888 1130 3981 μὴ
1163 3886 1226 3982 άρα
1253 3888 1290 3959 τδ

120 3998 224 4088 λ’μισυ
248 4001 305 4067 καὶ
331 3997 368 4068 τδ
392 4000 495 4068 πλέον
518 4002 565 4066 δεῖ
587 3998 778 4083 συντάττειν,
805 3992 845 4066 λ’ν)
871 3993 1067 4089 ἀμφοτέροις
1088 3999 1190 4068 πλέον
1209 3990 1230 4089 ἢ
1252 3996 1290 4068 τὸ
1325 4018 1326 4022 ’

121 4103 224 4199 ἥμισυ
247 4105 361 4177 δίδωσί
391 4134 441 4188 τις
471 4111 527 4175 τοῦ
559 4104 679 4188 ἔθους.
703 4104 852 4175 πέττεται
884 4104 944 4195 γάρ
971 4112 1126 4193 χειμῶνος
1152 4099 1243 4187 δυνος
1269 4100 1290 4196 ἦ
