3146 4832
749 202 960 304 „u-

273 398 357 463 Osir.
381 421 446 484 cap.
473 400 530 480 66,
562 421 654 484 quem
687 398 791 463 locum
822 399 917 464 modo
946 399 1176 485 exscripsimus.
1233 397 1324 464 Haec
1355 397 1431 464 enim

272 507 334 570 illic
367 506 517 590 legimus:
559 499 598 573 iiv
629 507 687 591 μὲν
720 496 775 574 οὖν
809 501 826 574 ὃ
858 506 957 590 Ζεύς,
989 507 1151 575 τουτέστιν
1185 501 1204 598 ἡ
1238 505 1345 597 θερμὴ
1381 508 1429 574 καὶ

271 612 423 704 πυρώδης
454 610 602 698 δύναμις,
635 612 741 679 αἰτίαν
773 613 923 703 παράσχῃ
958 618 1015 704 τῆς
1042 617 1211 704 διαφορᾶς,
1239 607 1360 699 αὐχμὸς
1380 614 1429 704 τὴν

270 726 327 809 γῆν
344 717 610 805 καταλαμβάνει·
634 720 689 787 ἐὰν
717 721 752 788 δὲ
778 722 855 809 περὶ
883 718 939 811 τὴν
960 716 1070 809 Ἥραν,
1098 721 1239 788 τουτέστι
1263 718 1318 812 τὴν
1341 714 1428 809 dyada
1538 796 1545 810 ,

270 827 327 894 καὶ
351 825 570 917 πνευματικὴν
594 826 698 916 φύσιν,
723 821 814 916 ὕβρις
835 856 885 908 τις
908 821 928 918 ἢ
951 826 1153 913 πλεονασμὸς
1176 828 1313 918 γένηται,
1337 833 1427 915 ῥεῦμα

271 926 354 1025 ἦλθε
382 931 468 1002 πολὺ
501 935 557 1000 καὶ
590 933 787 1023 συνάμβρισε
821 936 876 1001 καὶ
904 936 1078 1002 κατέκλυσε
1104 932 1143 1000 τά
1171 933 1289 1001 πάντα.
1349 932 1427 1010 Quid

270 1039 354 1125 quod
392 1039 536 1105 laudibus
566 1040 758 1105 extolluntur
784 1041 902 1106 ibidem
930 1063 996 1127 cap.
1024 1045 1045 1105 4
1091 1040 1121 1108 oi
1151 1044 1294 1131 φυσικῶς
1316 1044 1426 1125 μᾶλλον

270 1148 327 1213 καὶ
359 1144 554 1235 πρεπόντως
585 1142 867 1235 ὑπολαμβάνοντες
897 1148 952 1216 τὸν
983 1150 1134 1234 μῦθονῙλ
1192 1147 1309 1213 Gravis
1341 1148 1424 1232 igitur

270 1254 498 1318 inconstantiae
522 1255 700 1319 convictum
720 1255 919 1319 Plutarchum
941 1255 1105 1334 habemus;
1129 1254 1169 1319 de
1192 1277 1253 1339 qua
1268 1262 1339 1318 utut
1355 1252 1424 1316 iudi-

271 1361 392 1424 cabitur
404 1366 424 1440 2,
447 1383 503 1446 per
525 1362 678 1424 rationem
701 1385 780 1446 quae
804 1362 972 1426 Plutarcho
996 1385 1068 1426 cum
1092 1361 1205 1427 Stoicis
1229 1362 1261 1424 in
1284 1361 1423 1446 interpre-

270 1466 365 1530 tando
397 1467 580 1546 intercedat,
611 1468 704 1532 licere
736 1470 844 1554 utique
877 1470 979 1533 elucet
1005 1469 1278 1554 interpretationes
1301 1467 1422 1552 quaein

270 1574 397 1638 scholiis
421 1575 528 1638 insunt
544 1573 667 1639 Stoicae
690 1575 730 1639 ad
746 1576 906 1639 Plutarchi
922 1577 1139 1640 auctoritatem
1155 1577 1305 1655 revocari,
1329 1597 1423 1660 quam-

269 1704 362 1766 quam
385 1704 442 1767 pro
466 1684 560 1745 certis
584 1683 650 1746 eius
674 1685 719 1746 rei
742 1683 929 1748 testimoniis
952 1683 1059 1748 haberi
1082 1691 1247 1768 nequeant.

376 1788 439 1853 Sed
467 1791 551 1874 ipsas
580 1789 813 1854 consideremus
842 1789 1017 1854 Stoicorum
1050 1790 1323 1876 interpretationes
1355 1809 1423 1873 qnae

269 1897 302 1958 in
323 1895 428 1959 Procli
451 1896 577 1959 scholiis
600 1897 810 1961 inveniuntur.
855 1897 907 1962 De
926 1897 1043 1961 Taetza
1066 1898 1149 1960 enim
1171 1919 1321 1982 quaerere
1344 1895 1424 1959 omit

268 2003 373 2082 timus,
395 2005 468 2088 quia
490 2003 583 2067 nimis
606 2004 759 2067 incertum
791 2013 840 2067 est
866 2003 942 2089 quid
969 2004 1083 2068 Proclo
1107 2003 1233 2084 debeat,
1261 2004 1338 2088 quid
1365 2004 1423 2087 ipsc

156 2108 163 2123 ’
269 2132 307 2172 ex
324 2109 501 2173 Stoicorum
524 2109 666 2173 doctrina
689 2110 871 2189 adsciverit;
894 2133 966 2174 nam
988 2134 1118 2196 gnarum
1141 2134 1213 2175 eum
1235 2110 1334 2175 tuisse
1350 2109 1423 2174 Stoi-

268 2239 375 2280 corum
397 2218 688 2302 interpretationum
711 2216 909 2302 physicarum
933 2240 1005 2281 curn
1028 2218 1132 2282 omnia
1155 2220 1222 2282 eius
1241 2219 1357 2303 scripta
1377 2215 1423 2279 de-

268 2332 443 2387 monstrant
465 2332 532 2387 tum
555 2325 606 2388 vel
629 2324 763 2388 maxime
787 2325 928 2409 exegesis
952 2348 1045 2409 quam
1068 2328 1194 2410 scripsit
1209 2325 1350 2389 Homeri.
1379 2321 1422 2386 lbi

268 2431 351 2494 enim
381 2430 439 2513 (ed.
463 2431 637 2515 Hermann)
666 2455 696 2516 p.
721 2435 772 2510 55,
797 2435 815 2495 5
843 2432 957 2516 legitur
984 2431 1115 2495 Iunonis
1143 2432 1270 2516 quidem
1298 2431 1421 2495 numinis

267 2540 483 2623 interpretatio
511 2537 587 2601 haec
610 2537 745 2623 duplex:
781 2532 848 2605 οἷον
868 2533 950 2627 Ἦρα
978 2539 1037 2605 ἐπὶ
1060 2540 1120 2624 μὲν
1142 2543 1204 2605 τῶν
1228 2543 1422 2623 στυιχειυκιῖιν

268 2640 285 2711 ὃ
308 2643 510 2735 λεπτομερὴς
532 2646 587 2712 καὶ
611 2645 763 2738 πυρώδης
785 2643 941 2732 τυγχάνων
963 2641 1044 2735 άήρ·
1066 2645 1127 2712 ἐπὶ
1151 2647 1187 2713 δὲ
1210 2649 1274 2713 τῶν
1289 2648 1422 2735 ψυχικῶν

267 2759 387 2819 νοεῖται
413 2750 499 2843 ψυχὴ
522 2745 542 2841 ἢ
558 2745 699 2841 άνιλρεία,
724 2747 805 2840 ὅπερ
828 2753 910 2818 ἐστὶν
932 2753 1030 2840 μέρος
1046 2759 1163 2844 ψυχῆς,
1187 2775 1280 2837 quam
1296 2753 1420 2817 Stoicam

268 2882 337 2923 esse
361 2859 454 2922 docet
476 2859 623 2923 Flachius
646 2859 675 2941 (l.
690 2859 710 2921 l.
726 2881 756 2943 p.
773 2861 813 2921 66
831 2867 864 2922 et
880 2861 941 2941 68).
986 2859 1060 2922 Alia
1083 2859 1264 2945 suppeditat
1285 2860 1418 2924 Flachius

267 2991 297 3052 p.
321 2969 360 3030 61
387 2975 419 3030 et
448 2969 497 3030 71.
542 2965 581 3028 In
614 2965 868 3030 adnotationibus
900 2988 976 3030 vero
1008 2966 1209 3053 Moschopuli
1238 2966 1347 3031 Stoica
1373 2965 1424 3030 nisi

268 3072 437 3137 admodum
459 3076 533 3136 trita
556 3082 588 3136 et
611 3073 715 3138 ubivis
741 3074 867 3158 vulgata
888 3096 951 3137 non
975 3081 1108 3137 exstant

374 3254 383 3282 ¹
402 3253 498 3305 Plures
513 3252 654 3306 Plutarchi
673 3253 910 3323 interpretationes
929 3252 1056 3322 physicas
1070 3251 1199 3322 allegavit
1213 3251 1380 3320 Baedorfius‚
1397 3250 1427 3303 dc

267 3342 409 3395 Plutarchi
427 3359 497 3411 quae
516 3342 604 3395 tertur
622 3342 680 3395 vita
698 3343 814 3396 Homeri
833 3342 906 3409 (diss.
926 3343 1046 3396 Monast.
1065 3343 1144 3408 1891)
1163 3360 1189 3411 p.
1206 3344 1239 3394 14
1253 3359 1311 3411 sqq.

375 3433 385 3460 ²¹
404 3431 496 3497 Quam
521 3432 732 3485 inconstantiam
756 3449 886 3485 excusare
910 3432 1025 3485 forsitan
1048 3432 1088 3483 ita
1106 3431 1173 3485 velis
1196 3436 1228 3484 ut
1250 3431 1326 3486 dicas
1349 3431 1426 3483 fuisse

267 3526 375 3591 tempus
394 3538 456 3574 cum
483 3520 720 3590 interpretationes
746 3520 873 3590 physicas
896 3521 941 3574 ille
965 3522 1089 3587 reiceret‚
1114 3521 1199 3575 tuisse
1218 3538 1281 3574 cum
1305 3517 1426 3590 amplecti

267 3628 312 3663 eas
330 3628 386 3664 non
405 3610 551 3663 dubitaret.
581 3610 636 3665 Sed
654 3609 729 3663 haud
748 3611 803 3665 scio
823 3628 858 3663 an
872 3611 953 3662 nimis
972 3610 1101 3665 benevole
1120 3612 1160 3663 ita
1178 3610 1322 3664 iudicetur.
1358 3610 1426 3663 Nam

267 3700 333 3753 alibi
352 3717 461 3769 quoque
480 3700 681 3754 inconstantem
699 3700 864 3753 Plutarchus
883 3717 911 3753 se
930 3699 1056 3769 praebuit
1075 3701 1120 3769 (ci.
1139 3700 1312 3767 Volkmann,
1331 3698 1425 3752 Philus

266 3790 314 3843 des
333 3791 406 3843 Plut.
426 3809 452 3860 p.
473 3791 538 3856 294,
565 3791 616 3843 322
635 3792 694 3859 sq),
722 3790 760 3842 ita
783 3794 814 3841 ut
840 3806 970 3858 apparere
994 3789 1120 3843 videatur
1142 3789 1291 3843 Plutarcho
1314 3787 1425 3842 defuisse

266 3880 406 3933 iudicandi
425 3881 607 3933 constantiam
626 3897 658 3933 ac
676 3879 758 3933 modo
781 3878 921 3931 admisisse
945 3896 1008 3931 eum
1030 3879 1112 3933 modo
1131 3879 1288 3948 repudiasse
1306 3877 1425 3948 physicas

266 3970 510 4039 interpretationes.
548 3966 606 4023 Nec
625 3968 740 4022 dubium
760 3974 800 4021 est
819 3968 885 4037 quin
904 3964 956 4022 hoc
975 3978 1152 4022 concessurus
1171 3969 1254 4022 fuerit
1273 3965 1425 4022 Bacdonius

266 4061 311 4132 (ct.
331 4079 356 4131 p.
374 4064 405 4115 15
424 4078 481 4131 sqq.
501 4060 518 4113 l.
532 4061 570 4131 1.),
589 4060 641 4113 nisi
659 4075 731 4126 eum,
751 4063 781 4111 ut
800 4058 916 4125 videtur,
934 4058 1050 4130 fugisset
1068 4058 1102 4112 dc
1121 4058 1157 4111 Is.
1178 4065 1205 4112 et
1225 4059 1294 4113 Osir.
1314 4056 1425 4129 captiti.
