3146 4832
808 252 849 316 70

353 446 400 513 Ut
421 447 517 532 igitur
538 454 730 512 correcturas
753 447 913 512 Plutarchi
936 470 975 512 ex
997 455 1087 534 parte
1109 446 1241 534 probare
1263 456 1325 512 non
1352 467 1409 534 po-⁴

246 561 392 634 teramus,
415 554 459 618 ita
481 577 521 618 ue
544 553 771 640 interpretandi
786 553 914 640 quidem
936 557 1004 619 eius
1026 554 1163 619 rationes
1186 554 1330 619 omnihus
1352 577 1411 618 nu-

245 660 340 724 meris
362 659 452 725 nobis
476 660 680 725 satisfaciunt
725 661 817 739 Quae
846 660 1058 748 disputatione
1081 669 1278 748 exponentur
1299 662 1411 748 tripar-

245 767 317 832 tita:
355 767 489 853 primum
528 767 611 832 euim
650 768 774 853 qualem
809 767 955 833 Hesiodo
988 767 1224 833 consuetudinis
1261 767 1412 854 loquendi

245 872 380 939 iudicem
396 873 585 939 Plutarchus
609 896 642 939 se
661 874 840 960 praebuerit
862 873 1019 955 dicemus3
1042 872 1157 940 deinde
1180 874 1338 960 quomodo
1360 897 1412 939 res

248 980 351 1045 verbis
374 988 486 1067 poetae
510 980 665 1046 subiectas
688 981 906 1062 illustraverit3
937 980 1072 1068 denique
1100 1004 1194 1068 quam
1221 1004 1327 1046 curam
1353 1004 1413 1069 po-

249 1088 347 1152 suerit
369 1088 401 1151 in
425 1089 588 1153 sententiis
611 1096 723 1174 poetae
746 1111 914 1174 eorumque
937 1111 1060 1153 conexu
1081 1082 1318 1179 perspiciendis.

351 1194 401 1259 Ac
423 1195 558 1281 primurn
580 1193 706 1281 quidem
729 1217 825 1260 voces
849 1195 987 1281 singulas
1014 1196 1054 1262 ab
1076 1195 1222 1281 Hesiodo
1245 1204 1413 1282 usurpatas

245 1324 309 1365 non
331 1302 433 1366 minus
456 1302 540 1388 ipsas
563 1310 647 1367 recte
671 1324 741 1367 eum
757 1302 950 1368 intellexisse
965 1325 1058 1388 quam
1074 1303 1308 1368 coniunctorum
1330 1303 1415 1368 inter

246 1431 280 1473 se
312 1390 448 1474 rationes
479 1409 697 1495 grammaticas
720 1410 929 1496 perspexisse,
962 1410 989 1474 si
1021 1409 1098 1474 nihil
1129 1409 1281 1475 habereut
1307 1432 1415 1495 quoa

246 1517 403 1580 communi
434 1538 494 1581 usu
526 1515 741 1596 discederent,
772 1524 1016 1582 consentaneum
1047 1526 1096 1582 est
1127 1517 1247 1582 homini
1279 1515 1414 1582 Graeco.

246 1622 311 1687 Sed
340 1625 435 1687 etiam
467 1622 520 1688 ubi
552 1623 655 1688 minus
687 1625 803 1688 usitata
834 1623 1019 1711 explicanda
1050 1633 1138 1689 erant
1159 1623 1347 1706 Plutarchus
1378 1647 1415 1689 se

245 1730 402 1815 praestitit
433 1730 635 1816 interpretem
667 1729 751 1795 haud
788 1729 1007 1817 spernendum.
1061 1730 1114 1796 Sic
1144 1753 1258 1795 nomen
1292 1728 1415 1812 ἐσθλός

246 1859 303 1922 pro
325 1831 493 1923 ‘'locuples
519 1837 767 1967 accipiendum
758 1861 791 1902 m
814 1861 844 1902 v
866 1841 931 1902 214
954 1836 1108 1942 ((ίοεελί..)
1193 1846 1195 1849 ’

404 1938 495 2032 ν’βρις
516 1943 575 2031 γάρ
591 1971 626 2012 τε
649 1945 732 2034 κακὴ
756 1947 853 2034 dailai
874 1947 994 2036 βροτφ
1004 1937 1085 2014 odda*
1106 1972 1167 2031 μεν
1189 1942 1307 2099 ἐσθλὸς

405 2049 536 2144 ῥηιδίως
559 2052 692 2141 φερέμεν
716 2050 848 2120 δύναται

247 2166 335 2223 recte
346 2160 509 2244 perspexit
524 2158 620 2244 (cfip.
637 2161 698 2242 18)
734 2158 842 2244 Atque
865 2157 905 2223 de
928 2157 999 2223 aud
1022 2167 1105 2245 poet
1120 2181 1186 2245 cap.
1203 2158 1269 2222 din
1286 2183 1317 2224 v.
1335 2161 1414 2225 313:

403 2264 534 2354 πλοίτφ
558 2260 629 2333 δ”
611 2263 706 2357 αρετη
730 2266 786 2333 καί
809 2268 904 2346 κῦδος
926 2260 1044 2359 ὀπηδεῖ

245 2393 354 2436 vocem
377 2365 475 2464 ἀρετή
496 2371 700 2458 probabiliter
715 2372 874 2437 existimat
895 2395 952 2458 pro
975 2374 1117 2458 potentia
1132 2373 1184 2437 vel
1205 2371 1305 2458 gloria
1326 2374 1414 2460 posi-

245 2486 309 2543 tam
332 2500 401 2544 esse
424 2478 476 2562 (cf.
499 2502 529 2566 p.
554 2481 615 2563 61).
659 2478 730 2543 Illic
753 2479 848 2544 etiam
870 2479 1001 2545 verbum
1024 2479 1122 2548 αἰνεῖν
1145 2480 1177 2544 in
1201 2503 1231 2544 v.
1255 2481 1335 2545 643:
1401 2528 1402 2532 ,

246 2694 310 2757 vim
333 2692 498 2758 recusandi
520 2692 635 2758 habere
658 2692 708 2776 (cf.
730 2717 761 2779 p.
785 2696 838 2779 27)
861 2701 893 2759 et
915 2692 1077 2786 κακότητα
1100 2696 1133 2758 iu
1155 2718 1186 2758 v.
1210 2696 1289 2759 287:

403 2798 459 2892 τὴν
481 2798 621 2888 μὲνγὰρ
644 2798 805 2893 κακότητα
828 2800 885 2868 καί
908 2799 1020 2869 ἰλαδὸν
1042 2799 1129 2869 ἔστιν
1153 2799 1290 2869 ἑλέσθαι

246 2930 303 2994 pro
326 2908 445 2972 malitia
467 2906 684 2994 accipiendum
707 2914 798 2972 esse¹
823 2906 933 2972 itidem
954 2907 1113 2994 praeclare
1136 2907 1273 2995 exponit
1310 2908 1411 2972 Porro

245 3022 329 3079 recte
353 3037 465 3079 vocem
488 3011 598 3083 ίλαὸόν
621 3013 777 3101 explicare
799 3013 934 3095 videtur,
956 3037 1050 3100 quam
1073 3016 1246 3100 siguificare
1269 3014 1310 3079 ad
1333 3015 1366 3078 h.
1382 3038 1411 3080 v.

245 3120 374 3186 adnotat
404 3122 442 3190 τὸ
473 3125 586 3189 πᾶσαν
619 3120 880 3209 ἐγκολπίσασθαι
911 3120 1028 3189 κακίαν
1061 3115 1158 3206 ὁμοῦ.
1204 3120 1302 3199 Quod
1336 3145 1411 3187 vero

245 3251 359 3293 nomen
383 3221 528 3322 φηλήτης
549 3228 582 3292 in
605 3227 806 3293 adnotatione
829 3228 870 3293 ad
891 3252 922 3293 v.
947 3230 1010 3293 373
1034 3226 1170 3312 (Gaisf.):

403 3327 439 3417 ὃς
462 3337 498 3403 δὲ
521 3336 646 3422 γυναικί
668 3336 829 3420 πέποιθε,
852 3331 996 3403 πέποιθ’
1022 3330 1075 3422 ὅγε
1097 3333 1274 3428 φηλήτῃσιν

245 3442 285 3507 ab
308 3437 440 3533 ὑφελεῖν
461 3441 623 3522 derivat2,
654 3441 714 3506 hoc
737 3442 766 3506 ei
797 3441 912 3528 probro
934 3464 997 3506 non
1021 3440 1173 3507 dandum:
1204 3449 1303 3506 totam
1328 3444 1411 3507 euim

245 3551 461 3637 antiquitatem
509 3547 685 3614 claudicare
728 3550 761 3613 in
799 3548 981 3636 veriloquiis
1019 3557 1214 3636 compertum
1250 3549 1411 3615 habemus.

351 3748 362 3778 ²
379 3747 432 3801 Kal
450 3745 499 3817 γὰρ
518 3754 549 3816 τῇ
568 3748 697 3817 κακότητί
711 3767 773 3801 ποτε
795 3745 843 3815 μὲν
861 3747 935 3806 ἰδίως
953 3748 1108 3816 σημαίνουσι
1126 3745 1288 3801 κακίανκαὶ
1305 3748 1411 3816 μοχθη-

244 3838 304 3906 ρίαν
321 3844 411 3907 φυχῆς
429 3837 467 3896 ὡς
482 3838 626 3896 Ἡσίοδος·

403 3947 450 3996 την
467 3925 515 3995 μὲν
532 3927 581 3996 γὰρ
599 3947 733 3997 κακοτητοι
751 3924 797 3980 καί
816 3925 939 3981 datm*
922 3945 989 3980 εστιν
1007 3925 1119 3979 ἑλέσθαι

352 4017 522 4125 ίΣηφαίνειν
540 4016 569 4071 δὲ
587 4015 647 4076 τοὺς
665 4016 784 4086 φηλήτοις
807 4015 866 4075 τοὺς
889 4015 1064 4085 ἀφαιρεῖσθαί
1087 4036 1111 4068 τι
1133 4014 1179 4068 καί
1202 4012 1328 4082 ἐκφορεῖν
1352 4014 1411 4068 ε’θὲ-

244 4108 343 4175 λοντας,
361 4106 432 4178 παρὰ
451 4105 479 4162 τὸ
498 4098 619 4178 ἀφαιρεῖν
637 4126 683 4162 και
677 4106 807 4177 ὑφελεῖν
825 4113 870 4161 τοῦ
888 4105 1014 4176 ὀνόματος
1032 4104 1119 4166 αὐτοῖς
1138 4103 1262 4163 τεθέντος
