3146 4832
830 236 871 299 20

269 427 344 520 τύχη
368 431 425 497 καὶ
447 432 486 521 τή
510 427 644 516 δυνάμει
666 429 939 519 προέχοντας...
964 427 1032 499 ἀλλ’
1053 423 1128 525 (οὗ)
1142 427 1217 513 τούς
1236 423 1306 497 κατ’
1322 423 1435 520 ἀρετήν

270 536 465 627 προέχοντας
487 565 516 604 κ.
533 564 560 604 τ.
576 541 604 604 λ.

375 643 598 729 Fragmentum
628 648 665 709 9:
708 640 821 735 Ζήνων
852 646 912 731 μέν
944 639 961 713 5
995 642 1137 727 Στωικός
1168 644 1332 735 ένήλλαττε
1362 642 1436 725 τοὺς

271 749 404 836 στίχους·
418 751 518 839 λέγων
529 771 537 786 ·

429 847 520 939 οὗτος
540 859 601 944 μέν
623 850 820 948 πανάριστος
842 850 878 941 ὃς
901 851 938 927 εὖ
959 854 1085 928 εἰπόντι
1108 857 1261 952 πίθηται,

336 966 339 977 ’
430 964 549 1046 ἐσθλός
570 961 598 1033 d‘
624 955 665 1033 αὖ
688 962 835 1047 κάκεῖνος
857 959 893 1047 ὃς
916 960 1000 1055 αὑτῷ
1023 958 1131 1034 πάντα
1154 965 1261 1057 νοήσῃ,

270 1074 309 1163 cs
334 1066 510 1163 εὐπειθείᾳ
531 1070 570 1140 τὰ
593 1080 737 1160 πρωτεῖα
761 1072 879 1157 διδούς,
903 1075 940 1164 ‘tp'
964 1063 1118 1165 φρονήσει
1141 1074 1177 1141 δέ
1200 1073 1245 1140 τοὶι
1258 1076 1433 1162 δευτεραῖα.

269 1175 491 1268 Ἀρίστιππος
511 1181 547 1249 δέ
569 1173 628 1248 ἄπ’
654 1180 801 1262 ἐναντίας
824 1175 840 1249 5
864 1176 1067 1272 Σωνρατικός
1089 1178 1177 1267 ἔλεγε
1198 1177 1234 1248 τό
1257 1178 1433 1266 συμβούλου

273 1289 403 1353 δεῖσθαι
429 1293 532 1378 χεῖρον
559 1282 643 1355 εἶναι
669 1293 728 1356 τοῦ
750 1295 948 1377 προσαιτεῖν.
978 1282 996 1356 5
1019 1288 1054 1356 δέ
1075 1282 1220 1368 Ἡσίοδος
1242 1290 1298 1355 τοῖν
1320 1287 1436 1377 μέτρου

270 1391 412 1478 μα’λιοτα
427 1392 572 1480 τυγχάνει
594 1401 679 1484 τρεῖς
701 1396 781 1478 ἕξεις
804 1387 927 1479 ὄιελοίν,
950 1392 1006 1488 τήν
1030 1394 1191 1486 ἔμφρονα,
1213 1392 1269 1484 τήν
1292 1388 1435 1486 ἀνόητον,

271 1499 327 1589 τήν
349 1499 464 1594 μέσην·
488 1488 532 1567 civ
551 1496 571 1593 ή
593 1502 652 1586 μὲν
676 1497 787 1594 ἀρίστη
810 1503 867 1570 καί
888 1504 934 1591 τῷ
950 1500 1033 1591 θείην
1049 1500 1288 1594 παραπλησία·
1305 1501 1435 1589 καὶγὰρ

271 1603 307 1674 τό
322 1613 416 1675 θεῖον
432 1601 593 1697 αόταρκες,
618 1602 699 1676 ὥστε
722 1609 779 1676 ναί
802 1603 819 1677 5
843 1607 945 1698 ἑαυτῷ
965 1608 1078 1676 πάντα
1103 1611 1183 1676 νοῶν
1208 1609 1265 1676 καὶ
1286 1610 1435 1699 προορῶν

273 1707 334 1780 ὅσα
357 1705 397 1780 tt
419 1705 440 1804 χ’
455 1714 512 1781 καί
527 1713 574 1795 εἰς
595 1712 649 1783 τόν
664 1713 780 1783 ἔπειτα
803 1710 913 1804 χρόνον
936 1712 1067 1803 ἀμείνω.
1091 1711 1112 1806 ή
1135 1717 1172 1785 δέ
1186 1707 1383 1808 φευκτοτοίτη
1398 1713 1435 1782 τὸ

271 1815 352 1910 μήθ’
371 1818 476 1909 ἑαυτῷ
500 1815 662 1889 δόνασθαι
684 1820 724 1890 τὰ
744 1815 830 1912 ὀρθὰ
852 1821 1043 1910 λοχίζεσθαι
1065 1819 1136 1913 μήτ’
1164 1817 1273 1904 όλλοις
1289 1823 1436 1890 ἕπεσθαι

273 1922 470 2013 σομχλοόλοις4
486 1928 631 1996 ἐθέλειν·
646 1930 729 2023 μέση
754 1930 790 1998 δέ
812 1926 933 1998 τούτων
955 1925 1046 2019 ήτοῢ
1063 1935 1271 2016 συνορατινοῦ
1292 1930 1352 2015 μέν
1373 1931 1436 1996 τῶν

273 2027 450 2119 ἀμεινόνων
473 2031 531 2103 οὖν
554 2028 634 2104 οὖσα
649 2035 793 2122 όέναμις,
816 2034 1102 2131 έπανιολουθητινιή
1118 2038 1154 2104 δὲ
1173 2039 1228 2104 τοῖν
1248 2041 1437 2128 συνορῶντας

274 2140 434 2226 Patzigius
457 2140 531 2206 inde
549 2165 568 2206 a
582 2142 688 2209 verbis
705 2138 722 2211 5
738 2144 774 2211 δέ
789 2138 940 2224 Ἡσίοδος
954 2167 973 2208 a
987 2144 1156 2209 Plutarcho
1171 2144 1306 2207 alienum
1321 2151 1436 2222 censet,

273 2270 375 2332 neque
398 2247 472 2333 quin
495 2249 609 2314 Proclo
636 2249 877 2331 adiudicandum
907 2253 949 2316 sit
971 2250 1095 2315 dubitat
1119 2253 1158 2337 (p.
1182 2254 1245 2335 24).
1272 2249 1436 2327 Vellemus

273 2354 417 2441 profecto
449 2378 574 2421 causam
608 2356 784 2422 addidisset
809 2357 901 2422 huius
933 2357 1055 2439 iudicii,
1078 2356 1163 2443 quod
1192 2357 1283 2423 nobis
1311 2355 1437 2442 quidem

275 2470 392 2527 temere
415 2462 536 2528 factum
557 2463 691 2528 videtur.
729 2465 842 2550 Neque
865 2465 948 2529 enim
963 2467 1030 2529 veri
1053 2471 1101 2529 est
1120 2464 1220 2528 simile
1236 2462 1436 2527 Plutarchum

275 2578 514 2634 commemorata
544 2570 680 2636 Hesiodi
711 2580 888 2636 correctura
918 2572 984 2652 illa,
1020 2593 1082 2656 qua
1103 2572 1189 2635 Zeno
1220 2570 1299 2656 quid,
1328 2570 1436 2634 melius

274 2675 436 2741 Hesiodus
460 2676 599 2741 dicturus
621 2677 719 2742 fuerit
740 2677 879 2742 indicare
901 2678 1042 2758 volebat,
1066 2676 1226 2742 addidisse
1250 2678 1436 2741 contrarium

274 2783 431 2870 Aristippi
458 2783 608 2848 iudicium
634 2807 736 2870 neque
764 2784 840 2869 quid
869 2785 936 2871 ipse
966 2784 1006 2849 de
1034 2808 1071 2849 ea
1092 2808 1127 2849 re
1150 2786 1281 2849 sentiret
1302 2806 1436 2870 pronun·

274 2892 379 2971 tiasse,
401 2891 585 2976 praesertim
608 2914 678 2955 oum
700 2891 861 2979 popularis
877 2892 926 2955 sui
949 2892 1122 2956 sententias
1144 2914 1207 2955 non
1225 2892 1326 2956 solum
1341 2890 1437 2977 expli-

274 3019 354 3077 care,
377 2996 434 3062 sed
457 3000 550 3062 etiam
570 2998 739 3063 defendere
756 2998 889 3063 studeat.
927 2998 962 3063 Si
984 3007 1088 3064 autem
1104 2999 1263 3063 Zenonem
1278 3001 1340 3063 iam
1356 2995 1437 3085 apud

274 3104 478 3170 Plutarchum
499 3105 669 3170 refutatum
687 3106 810 3171 invenit
824 3105 963 3186 Proclus,
986 3106 1041 3172 vix
1056 3104 1207 3171 credibile
1223 3115 1272 3170 est
1288 3129 1358 3170 eum
1374 3127 1436 3169 ma-

273 3211 369 3276 luisse
390 3212 546 3298 propriam
562 3212 608 3276 illi
629 3212 803 3278 refellendo
819 3235 945 3299 operam
959 3212 1140 3299 impendere
1156 3235 1248 3297 quam
1264 3212 1437 3277 exscribere

273 3318 398 3405 plenam
411 3318 645 3385 adnotationem
655 3319 824 3385 Plutarchi.
854 3319 1022 3384 Praeterea
1036 3319 1114 3382 nihil
1129 3341 1256 3405 prorsus
1275 3319 1306 3382 in
1320 3318 1437 3384 scholio

274 3428 452 3490 invenimus
475 3425 561 3511 quod
583 3449 602 3490 a
623 3427 784 3492 Plutarchi
805 3427 926 3491 ratione
949 3427 1084 3491 alienum
1107 3426 1157 3489 sit

381 3533 433 3597 Ex
454 3533 629 3619 fragmento
646 3537 687 3599 20
711 3557 769 3599 nos
792 3556 916 3619 quoque
935 3534 1017 3597 siout
1032 3533 1192 3619 Patzigius
1208 3534 1305 3599 verba
1319 3540 1439 3598 tantum

274 3638 348 3704 inde
371 3663 390 3705 a
411 3635 539 3728 μήποτε
561 3640 602 3704 ad
617 3640 787 3768 λεγόμενον
802 3640 972 3705 Plutarcho
988 3639 1107 3704 damus
1140 3640 1223 3704 Nam
1239 3639 1344 3706 verbis
1361 3661 1439 3726 quae

274 3742 517 3874 praecedunt·
525 3745 716 3838 μουνογενής
738 3749 774 3816 δὲ
797 3775 879 3828 παις
902 3772 945 3815 σα
940 3746 1000 3831 ζοι
1021 3775 1134 3837 πατρα
1138 3774 1187 3815 ιον
1208 3742 1297 3815 οἶνον
1321 3747 1438 3839 φερβέ-

273 3884 359 3942 μεν.
408 3848 576 3939 δόξειεν
554 3884 594 3923 αν
618 3846 740 3936 ότοπος
763 3850 780 3924 ὁ
803 3852 908 3938 στίχος
930 3849 1014 3922 εἶναι
1036 3855 1094 3922 καί
1116 3881 1368 3943 αχαναντουντος
1391 3847 1440 3922 ότι

275 3963 401 4051 χέχονεν
430 3989 466 4030 ου
493 3955 590 4049 μόνος
612 3991 652 4052 τιμ
682 3989 785 4053 πατρι
778 3934 983 4026 'difficultas
1009 3962 1195 4049 proponitur
1224 3984 1303 4046 quae
1326 3959 1439 4026 deinde

274 4070 435 4135 Plutarchi
450 4070 571 4134 ratione
588 4068 761 4156 expeditur.
791 4069 903 4155 Neque
915 4067 1187 4155 aWyttenbaehio
1199 4068 1271 4133 ideo
1283 4061 1440 4132 adduntur
