3146 4832
856 187 897 251 60

297 381 426 449 risimile
449 404 519 447 esse
541 404 579 449 ea
599 380 642 446 ad
663 380 824 447 Plutarchi
850 383 1066 448 auctoritatem
1097 388 1160 447 non
1182 405 1250 447 csse
1272 381 1444 448 revocanda

297 487 465 555 Praetcrea
486 490 540 574 qui
562 488 720 574 reputabit
741 511 781 553 cx
804 489 948 554 omnibus
978 489 1104 554 scholiis
1134 513 1214 575 quae
1240 496 1444 554 0011010001
1534 528 1535 537 a

299 617 339 659 ex
369 603 457 681 parte
489 595 658 661 Plutarcho
690 603 860 681 potuerunt
885 597 1009 662 restitui
1041 596 1256 682 allegoriarum
1284 595 1444 661 Stoicarum

299 723 358 768 nec
381 702 485 767 volam
507 702 641 767 inveniri
667 724 726 766 neo
753 702 934 788 vestigium,
961 726 1032 768 eum
1060 697 1215 769 credimus
1239 723 1447 767 concessurum

299 830 368 874 csse
391 808 663 895 interpretationes
686 808 807 875 Stoicas
835 832 914 895 quae
942 810 1049 874 insunt
1075 810 1107 874 in
1136 809 1261 875 scholiis
1291 807 1448 873 Plutarcho

299 914 649 1015 potiusabiudicandas
673 938 742 981 esse
765 939 858 1001 quam
875 915 1108 982 adiudicandas.
1154 916 1218 981 Sed
1241 938 1344 1001 aequo
1367 914 1450 979 liden-

298 1024 362 1089 tius
384 1022 470 1107 loqui
493 1022 652 1088 nolumus:
676 1022 737 1089 hoc
759 1031 863 1088 tamen
887 1026 994 1110 utique
1017 1024 1109 1089 nobis
1124 1022 1316 1089 concedetur
1334 1021 1450 1086 nimium

300 1151 369 1194 csse
393 1128 470 1193 illud
493 1128 613 1194 Flachii
636 1129 786 1195 iudicium
813 1152 832 1195 0
858 1153 920 1216 000
947 1130 1091 1216 profecta
1119 1138 1169 1195 001
1190 1130 1266 1195 haec
1289 1128 1450 1215 disputatio

300 1243 333 1303 ct
354 1236 457 1301 inesse
480 1236 512 1300 in
536 1235 661 1302 scholiis
685 1235 791 1301 Stoica
812 1260 892 1323 quae
914 1236 1084 1302 Plutarcho
1106 1259 1171 1302 non
1193 1237 1376 1302 debeantur.

406 1344 437 1408 A
456 1343 570 1408 Stoicis
593 1344 688 1428 igitur
710 1365 810 1430 pauca
824 1345 975 1430 petivisse
991 1344 1176 1410 Plutarchus
1193 1343 1328 1424 videtur,
1351 1342 1454 1429 petivit
1535 1335 1536 1342 '

300 1450 385 1517 haud
407 1449 501 1515 dubie
523 1451 622 1515 multa
643 1473 663 1514 a
680 1451 795 1517 criticis
811 1450 1043 1530 Alexandrinis,
1065 1459 1099 1517 ct
1121 1450 1299 1537 ecquidem
1314 1450 1454 1537 pleraque

300 1558 341 1624 ab
363 1557 548 1623 Aristarcho
571 1565 604 1621 et
625 1557 817 1622 Aristonico.
867 1558 1035 1644 Utriusque
1066 1566 1171 1623 autem
1198 1557 1375 1623 studiorum
1396 1554 1454 1619 He
1535 1601 1536 1608 1

302 1664 479 1729 siodeorum
506 1664 651 1749 reliquias
682 1687 761 1749 quac
791 1664 899 1729 insunt
925 1664 957 1728 in
985 1665 1111 1730 schohis
1136 1665 1265 1750 collegit
1291 1662 1455 1729 Plaohiusl

254 1770 258 1780 '
300 1772 473 1837 rationibus
506 1771 599 1836 etiam
632 1772 793 1858 explicatis
816 1772 930 1857 quibus
953 1774 985 1836 in
1009 1772 1127 1837 scholia
1157 1772 1227 1836 illas
1259 1772 1363 1836 illatas
1394 1789 1455 1833 esse

300 1887 433 1966 putaret
477 1877 617 1943 Possunt
647 1888 752 1944 autem
783 1881 909 1943 omnino
931 1879 1035 1943 illatae
1060 1901 1130 1944 esse
1154 1878 1248 1943 modo
1271 1878 1398 1964 triplici,
1417 1875 1454 1938 ita

299 1995 336 2051 01
366 1985 479 2072 partim
511 1985 679 2049 Plutarcho
711 1985 897 2065 debeantur,
927 1986 1041 2071 partim
1072 1986 1194 2065 Proclo,
1225 1986 1341 2072 partim
1375 1981 1453 2048 001ιο

299 2094 413 2159 licium
428 2093 666 2178 compositori23
689 2093 742 2177 qui
765 2093 824 2157 viri
847 2100 911 2157 tres
933 2087 1050 2178 pariter
1072 2094 1105 2157 in
1127 2093 1388 2179 disceptationem
1409 2110 1453 2153 vc-

300 2203 399 2282 niunt,
421 2222 481 2264 nec
495 2198 535 2263 de
550 2221 613 2262 uno
632 2198 838 2263 demonstrari
860 2207 966 2285 potest
988 2199 1028 2264 ad
1051 2223 1123 2264 eum
1145 2223 1208 2264 non
1230 2200 1387 2286 pertinere
1408 2193 1453 2259 ad·

300 2308 477 2372 notationes
492 2305 731 2371 Alexandrinas.
769 2306 931 2385 Quantum
953 2329 1029 2371 vero
1052 2329 1158 2372 earum
1181 2308 1395 2392 unusquisque
1415 2310 1452 2366 at
1535 2303 1536 2306 ’

228 2428 234 2439 ·
300 2415 408 2479 tulerit
422 2422 477 2478 001
498 2419 687 2499 magnopere
702 2412 840 2478 fallimur
854 2421 909 2479 aut
931 2436 1088 2499 nunquam
1104 2414 1230 2478 omnino
1246 2412 1451 2478 diudioahitnr.

300 2522 352 2586 De
367 2519 535 2585 Plutarcho
558 2517 684 2605 quidem
707 2520 767 2584 hoc
789 2519 922 2585 fortasse
938 2522 1073 2606 cuipiam
1090 2523 1258 2606 contigerit
1280 2530 1317 2585 ut
1339 2543 1381 2586 ex
1401 2537 1450 2581 000

300 2629 439 2693 alterove
466 2626 585 2692 scholio
612 2628 644 2690 in
672 2649 734 2713 quo
758 2626 971 2691 Alexandrina
997 2628 1105 2692 insunt
1127 2627 1280 2713 quaedam
1303 2620 1448 2692 Plutarchi

301 2757 371 2819 0000
393 2756 576 2819 quacunque
603 2736 722 2798 ratione
750 2733 897 2798 ostendat
923 2742 1016 2819 atque
1038 2734 1084 2798 ita
1105 2734 1319 2799 Alexandrina
1341 2748 1445 2820 quoque

300 2842 354 2906 illa
368 2840 537 2905 Plutarcho
556 2839 663 2904 deberi
679 2840 790 2905 reddat
805 2841 973 2906 verisimile
982 2846 1003 2906 ³.
1040 2842 1109 2906 Nos
1127 2842 1206 2905 nihil
1228 2840 1313 2906 aliud
1329 2841 1373 2906 ad
1387 2841 1445 2904 hanc

408 3000 610 3056 1Jahrbiichcr
626 3001 673 3055 fiir
690 2999 841 3072 Philologie
860 3001 950 3069 CXV,
968 3020 994 3071 p·
1014 3003 1065 3056 433
1084 3020 1141 3072 sqq.

408 3091 506 3144 ²Eam
538 3091 611 3144 enim
638 3090 803 3145 scholiorum
837 3092 990 3162 congeriem
1027 3109 1097 3162 quae
1120 3090 1211 3146 Procli
1236 3092 1347 3145 nominc
1380 3092 1452 3143 fertur

301 3181 391 3253 qualis
403 3197 477 3235 nunc
490 3185 579 3234 exstet
596 3197 652 3234 non
670 3180 805 3247 aProclo,
823 3180 872 3235 sed
890 3180 925 3234 ab
944 3180 998 3235 alio
1013 3181 1132 3250 quodam
1150 3180 1260 3239 homine
1279 3185 1390 3251 postero
1402 3192 1453 3232 con·

300 3272 465 3342 glutinatam
482 3287 541 3324 esse
558 3274 674 3324 constat.
710 3269 753 3324 Of.
773 3269 892 3325 Schccrii
910 3269 928 3323 l.
947 3269 965 3323 l.
984 3288 1010 3340 p.
1026 3272 1042 3324 6
1056 3286 1095 3340 sq.

409 3359 420 3390 ⁸
444 3360 508 3412 Hac
535 3364 628 3415 tamen
646 3359 703 3413 veri
729 3358 907 3414 similitudine
934 3363 1007 3413 ccrtc
1034 3359 1223 3413 destituuntur
1249 3358 1305 3414 duo
1332 3350 1455 3413 eiusmodi

303 3448 414 3503 scholia.
460 3449 555 3503 Unum
574 3454 614 3501 est
632 3448 715 3503 schol.
733 3448 776 3502 ud.
791 3467 815 3503 v.
832 3451 892 3516 731,
919 3448 1068 3502 Plutarcho
1094 3448 1191 3501 datum
1217 3466 1234 3501 a
1253 3442 1457 3518 Wyttenbachic

301 3539 402 3594 omissa
415 3555 448 3592 ca
461 3555 531 3609 quae
545 3537 574 3590 in
587 3537 641 3590 fine
655 3537 755 3607 legitur
768 3538 916 3592 Aristonici
931 3538 975 3605 (ci.
991 3537 1084 3592 Flach.
1099 3538 1128 3591 in
1141 3537 1159 3591 l.
1174 3537 1191 3590 1.
1206 3537 1241 3591 ad
1255 3537 1282 3591 h.
1298 3543 1334 3605 v.)
1353 3537 1456 3591 adnota-

300 3628 387 3682 tione:
407 3627 477 3695 ἑστίῃ
496 3628 597 3695 κυρίως
614 3624 662 3693 μὲν
680 3634 712 3694 τῇ
731 3627 809 3695 ἑστίᾳ,
828 3627 876 3694 οὐχ
896 3626 933 3686 ὥς
951 3628 1011 3695 θεᾷ,
1029 3636 1076 3680 νῦν
1090 3626 1119 3680 δὲ
1137 3627 1179 3679 ἐπὶ
1197 3634 1242 3680 τοῦ
1260 3627 1368 3694 πρώτου
1387 3633 1421 3693 τῷ
1434 3621 1457 3673 ἕν

300 3725 338 3785 τῷ
357 3718 424 3784 οἴκῳ
442 3718 543 3786 βωμῷ,
575 3733 646 3787 quac
669 3733 734 3770 sanc
753 3715 933 3770 additamenti
959 3717 1077 3786 speciem
1100 3734 1165 3787 prae
1188 3733 1217 3770 sc
1240 3716 1302 3770 fert.
1339 3715 1456 3770 Alterum

302 3810 343 3860 est
361 3804 445 3860 schol.
464 3804 500 3860 ad
518 3824 543 3859 v.
559 3808 625 3871 733;
652 3805 726 3876 quod
751 3822 800 3860 nos
819 3807 855 3875 (p.
875 3807 910 3859 48
928 3808 979 3875 sq.)
1005 3806 1153 3861 Plutarcho
1172 3805 1340 3859 reddidimus
1358 3807 1457 3875 praeter

300 3901 394 3949 notam
413 3894 561 3949 Aristonici
580 3895 624 3964 (cf.
645 3894 739 3948 Flach.
758 3894 787 3946 in
806 3893 823 3947 l.
842 3893 860 3947 l.
880 3894 915 3948 ud
933 3895 960 3948 h.
980 3895 1029 3962 v.):
1048 3895 1131 3963 τάφος
1154 3894 1202 3964 γὰρ
1225 3895 1322 3963 λέγεται
1346 3894 1374 3947 τὸ
1391 3888 1454 3957 arpi·

301 4003 412 4055 ρειπνον,
427 3984 464 4043 ὡς
477 3985 601 4052 Ὅμηρος
617 3985 703 4037 ’δαίνυ
722 3984 806 4052 τάφον
819 3984 973 4052 Αργείοισι’.
1002 3985 1081 4052 Quas
1096 3985 1161 4056 quin
1177 4002 1194 4038 0
1207 3984 1355 4039 Plutarcho
1374 3983 1455 4037 aliena

302 4074 338 4134 sit
356 4073 472 4128 dubium
490 4079 609 4146 nonest,
628 4090 691 4129 oum
709 4090 772 4128 eum
791 4073 873 4142 τάφος
891 4074 976 4131 funus
994 4074 1159 4129 intellexisse
1178 4073 1311 4133 scholium
1330 4073 1429 4131 doceat.
