3146 4832
851 203 893 267 46

284 406 388 463 teram
422 399 608 464 sententiam
642 402 759 465 maiore
790 398 923 484 quadam
949 398 991 465 'vi
1024 407 1058 465 et
1090 397 1229 486 pondere
1262 398 1453 465 efferendam

290 506 471 572 transeundi
494 505 606 572 modus
629 507 682 592 qui
712 507 747 569 fit
775 508 1017 592 interrogatione
1044 507 1207 572 interiecta
1236 507 1292 575 καί
1314 506 1347 574 τί
1368 508 1455 595 λέγω

289 611 363 693 τούς
394 614 540 700 ἀγαθούς
569 610 698 696 αύτούς,·
720 613 812 679 'euius
840 614 940 679 simile
968 614 1146 701 exemplum
1169 621 1218 678 est
1247 615 1279 677 iu
1302 613 1413 699 fragm
1434 618 1456 679 8

290 719 453 804 (Duebn.):
477 721 534 787 καί
555 720 588 787 τί
610 723 659 788 δεῖ
679 720 812 801 τούτους
834 722 951 808 λέγειν,·
974 716 1059 790 ὅπου
1082 746 1117 808 γε
1140 721 1197 789 καί
1219 719 1455 812 Ξενοφάνης..

290 825 417 907 σιλλούς
448 820 592 907 άτόποος
627 834 796 896 συνθεῖναι
827 829 961 915 λέγεται.
1019 827 1117 906 Quod
1153 829 1235 893 solet
1267 827 1456 893 Plutarchus

289 941 362 1020 poet
384 934 462 999 tales
487 936 745 1020 interrogationes
764 957 894 1021 pergere
916 936 1070 1020 particula
1093 930 1188 1019 ὅπου,
1211 935 1272 1000 hoe
1291 958 1355 999 non
1374 937 1456 1001 tanti

289 1042 438 1105 momenti
462 1064 531 1106 esse
554 1042 645 1107 nobie
668 1041 795 1107 videtur
825 1050 861 1105 ut
888 1041 1068 1108 dubitantes
1095 1065 1152 1109 nos
1179 1041 1293 1109 reddat
1315 1042 1355 1107 de
1378 1042 1456 1107 Plu-

289 1148 414 1213 tarehea
436 1148 528 1215 huius
549 1148 759 1214 adnotationis
783 1149 911 1234 origine.

396 1254 513 1321 Scholii
535 1255 577 1320 ad
599 1278 629 1321 v.
654 1259 715 1323 707
741 1255 884 1339 (Gaisq

447 1365 529 1456 μηδὲ
553 1362 740 1452 ψεύδεσθαι
763 1360 904 1454 γλώσσης
925 1363 1028 1452 χάρινε

288 1470 333 1561 μὴ
355 1464 454 1556 μόνον
476 1476 710 1561 παραιτεῖσθαι
733 1467 786 1538 τὸν
809 1469 905 1560 φίλον
928 1475 1043 1538 λυπεῖν
1065 1470 1121 1538 διά
1138 1497 1225 1551 τινος
1240 1469 1335 1560 ἔργον
1350 1498 1453 1559 προσ-

289 1576 455 1666 κρούοντα,
487 1574 571 1645 ἀλλὰ
602 1579 683 1671 μηδὲ
716 1576 915 1665 ψευδόμενον
946 1575 1031 1667 πρός
1062 1571 1158 1646 αύτδν
1190 1577 1366 1669 φαίνεσθαι
1401 1576 1454 1646 διά

289 1685 441 1776 περιττὴν
464 1686 521 1753 καί
543 1681 704 1778 άνόνητον-
718 1687 774 1774 τῆς
796 1683 936 1777 γλώττης
959 1679 1068 1775 ὁρμήν.
1093 1687 1149 1752 καί
1165 1685 1223 1774 γὰρ
1238 1688 1332 1754 τοῦτο
1347 1689 1452 1779 λυπη-

289 1792 344 1881 ρὸν
366 1793 423 1859 καί
445 1791 591 1880 προάγον
614 1791 660 1872 είς
683 1785 886 1875 ἀπέχθειαν·
903 1785 920 1859 ὃ
936 1789 994 1881 γάρ
1017 1785 1217 1880 ψευδόμενος
1239 1793 1296 1861 καί
1319 1786 1453 1861 άπατῶν

289 1895 326 1967 ού
349 1899 469 1990 φίλος.
494 1894 571 1967 ὅθεν
602 1901 694 1967 τούτο
726 1900 952 1992 παραιτητέον.
984 1890 1003 1966 ὃ
1030 1899 1087 1967 καί
1115 1899 1252 1967 Πλάτων
1274 1895 1381 1984 εἶπεν,
1404 1898 1449 1970 τὸν

290 2005 444 2086 ἑκουσίως
474 2006 673 2094 ψευδόμενον
705 1997 844 2074 άπιστον
875 2003 1008 2086 εἰκότως
1040 2001 1145 2074 εἶναι·
1177 2007 1233 2075 τὸν
1256 2008 1292 2075 δὲ
1315 1999 1446 2076 άπισια

288 2107 415 2203 άφιλον.
438 2114 521 2200 μέγα
549 2105 603 2180 σύν
635 2118 765 2206 σημεῖον
796 2107 901 2202 ἤθους
928 2106 965 2180 ού
993 2116 1165 2206 φιλητικοῦ
1191 2111 1229 2181 τὸ
1257 2110 1440 2203 ψευδόλυγω

289 2214 372 2287 εἶναι
394 2217 480 2309 πρὸς
501 2212 537 2287 ὃν
559 2217 661 2287 οἴεται
692 2219 788 2310 φίλον
818 2220 875 2287 καί
907 2220 1089 2289 ἐπιθολούν
1116 2221 1173 2310 τὴν
1200 2220 1313 2311 φιλίαν
1345 2245 1447 2286 unum-

288 2325 434 2412 quodque
460 2327 526 2390 fere
558 2326 689 2391 verbum
720 2349 739 2389 a
767 2325 935 2391 Plutarcho
967 2326 1192 2411 frequentatur.
1243 2326 1297 2391 Sie
1320 2328 1448 2393 oeeurrit

288 2439 523 2523 παραιτεῖσθαι
554 2432 594 2498 de
617 2433 660 2497 Ιε.
688 2440 720 2497 et
742 2432 826 2498 Osir.
850 2455 916 2518 cap.
942 2436 978 2498 5:
1016 2432 1061 2523 μὴ
1093 2433 1190 2518 μόνον
1216 2442 1448 2524 παραιτεῖσθαι

288 2543 350 2609 τῶν
374 2540 518 2630 ὀσπρίων
540 2541 581 2608 τὰ
604 2540 714 2607 πολλά
736 2548 769 2604 et
791 2539 830 2605 de
854 2539 926 2604 mut
942 2540 1013 2605 virt.
1034 2543 1182 2635 eap.l8:
1207 2540 1244 2608 τὸ
1266 2542 1328 2626 μὲν
1354 2542 1447 2611 οἰκεῖν

287 2641 356 2734 μετ’
388 2643 492 2716 αἰτῶν
523 2644 736 2737 παρῃτήσατο
743 2679 752 2730 ,·
783 2646 998 2735 προσκρούειν
1029 2647 1149 2733 eoniug.
1176 2669 1278 2732 praee.
1302 2670 1372 2735 eap.
1396 2652 1445 2715 39:

289 2751 340 2823 ἀεὶ
361 2755 422 2840 μὲν
445 2758 494 2822 δεῖ
517 2755 574 2822 καί
596 2760 762 2838 πανταχοῦ
785 2753 913 2844 φεύγειν
936 2752 972 2822 τό
987 2753 1201 2844 προσκρούειν
1223 2760 1268 2844 τῷ
1288 2747 1385 2847 άνδρὶ
1399 2756 1441 2844 τὴν

288 2869 423 2950 γυναῖκα
446 2870 479 2926 et
507 2862 539 2927 in
567 2861 675 2946 fragm.
700 2864 717 2924 7
743 2861 906 2945 (Duebu.):
945 2862 1104 2952 ἀδελφούς
1135 2855 1229 2942 όντας
1260 2864 1319 2930 καί
1351 2887 1440 2953 προσ-

288 2968 483 3060 κρούσαντας
511 2963 678 3059 ἀλλήλοις,
705 2967 856 3056 περιττός
883 2967 922 3033 de
946 2991 1015 3054 cup.
1031 2967 1095 3033 div.
1110 2991 1178 3054 eap.
1197 2972 1232 3034 l:
1257 2965 1334 3038 ούδὲ
1359 2972 1394 3040 τδ
1416 2966 1448 3037 τὰ

288 3076 425 3167 περιττοί
448 3079 627 3166 κεκτῆσθαι
655 3075 692 3143 τὸ
719 3075 764 3166 μη
792 3079 926 3143 δεῖσθαι
952 3081 1017 3143 τῶν
1040 3079 1216 3165 περιττῶν,
1249 3099 1318 3162 cap.
1344 3082 1379 3143 2:
1423 3074 1448 3145 oi

287 3187 352 3251 τῶν
375 3182 538 3276 ἀχρήστων
565 3183 726 3272 ἐφιέμενοι
759 3182 816 3250 καί
848 3186 1018 3272 περιττῶν,
1052 3205 1119 3268 eap.
1140 3188 1177 3248 3:
1211 3178 1248 3251 ού
1270 3181 1450 3253 παύσονται

289 3288 432 3376 δεόμενοι
455 3292 517 3357 τῶν
539 3292 708 3378 περιττῶν,
741 3312 807 3375 cap.
832 3293 869 3355 8:
909 3291 1074 3379 τραπέζας
1104 3294 1293 3370 πολυτελεῖς
1325 3291 1384 3358 καί
1413 3287 1452 3358 τὰ

289 3397 420 3488 περιττὰ
444 3396 551 3463 πάντα
573 3450 580 3464 .
599 3450 630 3465 ..
655 3396 845 3483 σεμνύνεται
878 3398 914 3464 δὲ
943 3394 960 3466 ὃ
989 3400 1131 3478 πλοῦτος
1160 3398 1222 3465 ἐπὶ
1244 3402 1309 3478 τοῖς
1337 3425 1452 3486 περιτ·

287 3511 356 3585 τοῖς
371 3557 378 3570 .
393 3557 400 3571 .
415 3558 422 3572 .
436 3502 583 3597 αἰτηθείς
597 3531 626 3571 τι
643 3509 705 3572 τῶν
720 3502 804 3572 κατὰ
818 3503 876 3593 τὴν
892 3502 997 3572 οἰκίαν
1013 3499 1056 3585 ῶς
1078 3501 1229 3596 περιττὸν
1244 3498 1349 3592 αύτηῖς
1372 3499 1454 3595 ὁρμή

289 3611 328 3676 de
351 3610 422 3676 aud.
445 3619 528 3697 poet.
551 3633 617 3696 cap.
643 3614 679 3675 l:
712 3617 782 3691 ταῖς
805 3603 1016 3692 ἀπαιδεύτοις
1038 3611 1095 3678 καί
1117 3608 1317 3700 παραλόγοις
1341 3605 1455 3700 ὁρμαῖς

290 3712 463 3807 ..άγεννὲς
486 3717 600 3801 ἔνεστι,
616 3716 664 3781 ’δε
688 3717 749 3782 def.
773 3740 853 3782 orae.
876 3739 943 3803 eap.
969 3721 1025 3782 17:
1065 3719 1122 3785 καί
1148 3717 1315 3811 μοχθηρὰς
1337 3715 1451 3806 γινιόσ-

289 3854 353 3893 κων
377 3824 485 3909 ἕχοντα
509 3826 716 3914 προαιρίσεις
738 3852 825 3904 τινας
847 3825 904 3891 καὶ
926 3821 1028 3913 ὁρμάς
1050 3833 1083 3889 et
1105 3848 1175 3888 eum
1195 3825 1343 3910 genetivo
1367 3827 1452 3888 iune-

287 3942 354 3997 tum
377 3941 469 3997 amat.
491 3955 557 4021 eap.
583 3935 641 3996 14:
677 3927 750 3998 ούδὲ
774 3925 967 4021 φαυλότερον
990 3927 1127 4025 ἦγούμαι
1151 3930 1250 4023 φυτὸν
1274 3925 1449 4021 όίνδρωπον

288 4039 489 4132 βλαστήσεως
515 4036 615 4130 ὃρμην
648 4036 779 4123 ἔχοντας
810 4037 943 4127 προάγω
971 4047 1061 4103 amat.
1085 4062 1151 4127 eap.
1175 4043 1213 4104 2:
1244 4037 1288 4122 είς
1314 4037 1353 4108 τό
1376 4039 1449 4130 ε’ρᾶν
