3146 4832
765 244 977 350 Δί-

290 448 322 513 in
346 446 464 513 scholio
487 444 573 513 adv.
590 449 653 513 313
670 445 792 531 (Gaisf.)
815 445 926 511 scholii
948 443 1034 511 adv.
1052 447 1114 511 312
1138 452 1354 530 argumentum
1377 442 1454 509 satis

290 555 387 620 effuse
411 555 526 641 repetit
547 554 652 619 verbis
675 553 860 633 immutatio,
891 561 927 616 ut
959 555 986 617 si
1016 553 1086 638 quis
1117 553 1307 617 sententiam
1337 550 1455 616 referat

289 663 430 742 alienam,
452 662 558 727 verbis
580 669 685 725 tamen
708 661 816 725 alienis
841 662 886 724 uti
909 660 995 724 nolit.
1033 660 1085 724 Ita
1102 669 1206 724 autem
1229 659 1385 744 loquitur:
1407 657 1454 749 μὴ

290 766 546 854 ἐπαισχύνεσθαι
574 774 730 858 παραινεῖ
756 767 1044 858 μεταχειρίσασθαί
1070 795 1101 835 τι
1124 773 1188 834 ταῖν
1212 765 1321 856 έργων,
1345 765 1375 834 εί
1398 766 1456 833 καί

290 871 348 944 ἀπ>
375 873 606 966 εὐπορωτέρων
622 871 825 965 ἀπορώτερος
840 876 973 962 γέγονεν,
996 871 1035 942 ἵν’
1054 865 1154 956 αὖθις
1169 870 1343 966 εὐπορήσῃ.
1360 879 1455 941 τοῦτο

289 982 348 1074 γὰρ
372 978 502 1070 ἀμεινον
526 977 622 1066 εἶναι,
655 977 774 1050 ὁποίαν
802 978 841 1049 ἀν
870 981 926 1072 έχη
953 983 1010 1072 τήν
1038 981 1208 1067 δαιμονίαν
1230 980 1333 1064 δόσιν,
1362 978 1455 1069 έργον

288 1118 320 1158 τι
343 1090 494 1176 μετιέναι,
518 1082 577 1157 κάν
599 1089 759 1171 πλούσιός
780 1117 839 1173 τις,
863 1085 922 1157 κάν
946 1089 1046 1180 πένης
1069 1088 1162 1157 ἐστίν.
1232 1148 1233 1151 ,

396 1196 513 1262 Scholii
536 1193 575 1261 ad
599 1218 726 1261 versum
750 1199 812 1261 340
837 1194 978 1279 (Gaison

447 1302 501 1372 τὸν
525 1304 661 1394 φιλέοντ’
689 1303 747 1370 ἐπὶ
770 1306 865 1370 δαῖτα
888 1306 1005 1387 καλεῖν,
1028 1303 1082 1370 τδν
1104 1303 1133 1370 δ’
1151 1300 1267 1391 ἐχθρὸν
1291 1302 1387 1369 ἐᾶσαι

288 1433 472 1498 persuasum
503 1410 655 1474 habemus
687 1431 727 1473 ex
757 1409 918 1473 Plutarchi
948 1411 1169 1474 commentario
1200 1416 1356 1495 sumptam
1384 1429 1454 1472 esse
1535 1403 1536 1470 ]

288 1526 408 1604 partem
431 1518 585 1605 priorem:
608 1519 710 1585 ταῦτα
735 1517 791 1583 καί
814 1517 855 1584 τὰ
879 1514 1025 1603 ἑπόμενα
1047 1515 1171 1597 τούτοις
1193 1517 1270 1606 περὶ
1293 1521 1356 1582 τῶν
1371 1500 1456 1605 πρὸς

288 1623 360 1706 τούς
382 1625 497 1716 φίλους
518 1625 574 1692 καὶ
597 1623 764 1713 γείτοναςῑ
786 1621 995 1717 καθηκόντων
1018 1622 1082 1708 έχει
1105 1623 1163 1714 τήν
1185 1625 1374 1713 παραίνεσιν
1397 1622 1455 1689 οὐκ

289 1725 366 1801 όντα
389 1729 503 1823 ήθικά,
528 1729 572 1812 ὥς
594 1756 676 1799 τισιν
699 1729 813 1815 ἔδοξεν,
837 1723 907 1797 ἀλλ’
932 1729 978 1812 εῖς
993 1727 1116 1817 εύγενές
1137 1720 1256 1821 [ἦθος]
1280 1731 1335 1797 καὶ
1352 1730 1454 1813 δεξιὸν

289 1839 496 1929 προσοίγοντα
527 1838 583 1906 τδν
615 1835 842 1923 πειθόμενον·
871 1833 907 1905 οὗ
935 1837 994 1927 γάρ
1023 1841 1074 1906 δεῖ
1095 1837 1135 1904 τοί
1163 1833 1243 1933 αὐτοὶ
1266 1837 1376 1928 φίλοις
1398 1837 1452 1904 καί

290 1948 419 2036 ἐχθροῖς
442 1942 647 2028 ἀποδιδόναι,
672 1938 740 2013 ούδ
765 1939 885 2031 δμοίως
908 1943 1076 2034 ἑκατέρους
1099 1939 1346 2035 δποτραπέζονς
1374 1971 1450 2012 ποι-

290 2060 402 2122 εῖσθαι
426 2053 482 2120 καί
506 2047 733 2138 ὁμοσπόνδους,
757 2046 949 2142 ἡγουμένους
970 2053 1027 2120 καί
1049 2052 1214 2142 τράπεζαν
1237 2050 1347 2139 βωμὸν
1374 2046 1447 2120 εἶναι

288 2167 346 2252 τῆς
367 2155 486 2241 Ἑστίας
508 2162 564 2227 καί
592 2159 724 2227 πάντων
751 2165 813 2226 τῶν
839 2157 895 2249 τήν
921 2159 1041 2250 τροφήν
1064 2160 1296 2252 δωρησαμένων
1335 2162 1442 2243 θεῶν).

288 2267 385 2335 θύειν
411 2269 469 2352 μέν
497 2259 552 2335 οὖν
579 2267 636 2333 καί
664 2261 741 2357 ἡμῖν
768 2266 865 2351 νόμος
891 2263 957 2355 πρδ
980 2269 1036 2334 τοῖν
1067 2269 1122 2358 τῆς
1143 2268 1264 2357 τροφῆς
1287 2259 1448 2354 ἅψασθαι.

290 2378 341 2442 δεῖ
364 2366 419 2442 οὖν
441 2372 486 2464 μή
509 2374 584 2454 τούς
607 2371 743 2462 ἐχθρούς
766 2368 853 2460 ἀγειν
875 2374 934 2441 ἐπὶ
963 2376 1060 2440 δαῖτα
1084 2373 1195 2462 φιλίαν
1217 2373 1257 2463 δή
1281 2367 1449 2463 ἀποκρινο-

288 2482 410 2567 μένους,
435 2477 518 2549 ἀλλά
540 2479 614 2561 τούς
635 2472 733 2561 όντως
756 2480 878 2570 φίλους,
903 2473 951 2560 οἷς
966 2481 1023 2547 καί
1038 2487 1200 2547 κοινωνεῖν
1215 2474 1312 2563 ὅσιον,
1337 2477 1382 2561 ὡς
1402 2484 1451 2570 τής

291 2580 391 2681 ἀλλης
413 2587 534 2678 φιλίας,
558 2582 641 2656 ούτω
664 2589 720 2655 καί
743 2582 829 2656 ἀλῶν
851 2588 908 2655 καὶ
931 2590 1078 2655 σπονδῶν
1099 2589 1155 2655 καί
1172 2586 1280 2668 ἐστίας
1294 2590 1383 2655 θεῶν
1399 2585 1452 2653 καί

291 2695 551 2789 φιλοφροσύνης·
575 2695 632 2762 καὶ
655 2695 714 2785 γὰρ
732 2694 771 2777 εί,
795 2689 839 2776 τίς
854 2693 948 2779 ἐτυχε,
971 2695 1028 2762 καί
1043 2694 1116 2774 τοδς
1132 2692 1268 2783 ἐχθρούς
1291 2692 1452 2779 ἐστιῶμεν,

288 2801 322 2869 τί
344 2800 527 2893 ποιήσομεν
551 2801 677 2869 ἐκείνων
701 2796 786 2890 ήμᾶς
813 2803 844 2868 ἐν
872 2802 962 2890 μέρει
990 2797 1172 2868 καλούντων
1199 2802 1258 2868 ἐπὶ
1280 2797 1322 2867 τὰ
1344 2796 1455 2886 ὅμοιος

289 2909 334 3000 μὴ
358 2903 574 2988 ὑπακούοντες
596 2906 654 2998 γὰρ
678 2906 869 2998 ἀδικήσομεν
891 2907 966 2987 τοὺς
987 2902 1247 2991 ὑπακούσαντας,
1271 2901 1454 2975 ύπακούον-

291 3042 342 3096 τες
369 3016 405 3083 δέ
428 3008 644 3109 προησόμεθα
668 3013 802 3095 ἐαυτούς
824 3007 1015 3104 ἀνθρώποις
1044 3010 1203 3099 ἀπεχθῶς
1231 3015 1453 3100 διακειμένοις.

292 3121 389 3201 Quod
412 3125 496 3186 enim
517 3123 684 3208 postremis
709 3122 813 3186 verbis
836 3123 972 3206 ponitur,
995 3123 1022 3185 si
1046 3122 1188 3186 inimicos
1211 3119 1252 3185 ad
1275 3121 1453 3186 convivium

294 3231 472 3309 invitemus,
503 3229 642 3293 futurum
666 3251 736 3293 esse
759 3236 794 3292 ut
817 3236 849 3292 ei
870 3229 932 3315 ipsi
961 3228 1000 3293 ab
1028 3229 1067 3293 iis
1089 3230 1272 3308 invitemur,
1304 3226 1389 3292 idem
1415 3224 1453 3290 ad

290 3337 426 3401 eundem
448 3335 584 3400 Hesiodi
599 3359 726 3402 versum
750 3338 921 3422 respiciens
936 3336 1123 3400 Plutarchus
1146 3335 1186 3400 de
1202 3335 1249 3399 vit
1263 3332 1337 3421 pud.
1353 3357 1419 3420 cap.
1434 3336 1453 3396 4

293 3444 345 3508 his
367 3444 472 3509 verbis
496 3442 650 3507 declarat:
689 3443 837 3537 κληθήσῃ
861 3443 920 3533 γάρ
948 3444 1088 3524 καλέσας
1114 3444 1170 3511 καί
1197 3441 1390 3533 δειπνήσεις,
1418 3433 1455 3509 ἀν

291 3551 465 3642 δειπνίσῃς.
499 3550 643 3614 Alterum
661 3572 735 3614 vero
758 3550 908 3614 indicium
924 3550 1052 3634 originis
1068 3549 1272 3614 Plutaroheae
1295 3550 1456 3634 eognosei-

291 3681 362 3723 mus
385 3680 434 3721 enr
448 3657 558 3721 scholii
590 3657 696 3721 verbis
727 3654 920 3748 ἡγουμένους
950 3658 1007 3723 καί
1038 3654 1201 3747 τράπεζαν
1231 3657 1342 3745 βωμὸν
1373 3651 1454 3724 εἶναι

290 3769 348 3856 τῆς
371 3760 510 3849 Ἑστίας,
532 3764 632 3829 simile
649 3765 730 3828 enim
746 3763 865 3849 aliquid
880 3764 1056 3829 invenimus
1072 3766 1105 3827 in
1119 3765 1228 3849 fragm.
1243 3768 1286 3830 43
1302 3763 1455 3848 (Duebn.),

396 4017 404 4046 ¹
424 4014 488 4069 Hoc
513 4016 683 4086 reposuimus
702 4030 751 4084 pro
774 4014 880 4083 γονέας;
900 4014 968 4067 nihil
986 4015 1059 4068 enirn
1073 4015 1107 4069 de
1126 4015 1293 4085 parentibus,
1311 4014 1402 4069 omnia
1418 4007 1461 4065 de'

291 4105 385 4162 vicinis
404 4105 544 4160 Hesiodus
562 4105 607 4159 hic
625 4105 754 4175 loquitur.
