3146 4832
123 416 180 489 uhi
199 420 238 488 de
254 423 326 487 ioco
342 420 470 489 dicitur:
495 424 605 510 βωμὸς
627 424 686 514 γὰρ
708 425 764 492 καὶ
789 418 869 516 αδτη
884 429 947 492 τοῖν
960 426 1059 492 θεῶν.
1084 415 1293 489 Contenderis

120 533 220 595 etiam
249 552 312 594 non
339 533 446 617 inepte
474 553 546 596 oum
573 531 679 597 verbis
707 523 756 612 οἷς
782 531 840 598 καί
866 536 1032 599 κοινωνεῖν
1055 527 1144 599 όσιον
1171 524 1215 611 ὥς
1236 536 1293 621 τῆς

122 629 225 729 δίλλης
248 637 372 728 φιλίας,
405 634 487 705 οδτω
522 639 579 706 καί
612 632 697 706 ἁλῶν
724 638 781 705 καί
808 641 959 706 σπονδῶν
987 638 1044 705 καί
1072 636 1180 718 ἑστίας
1205 642 1293 704 θεῶν

126 745 185 812 καί
207 744 445 838 φιλοφροσύνης
467 767 504 809 ea
526 767 605 830 quae
628 744 775 830 leguntur
798 746 831 808 in
853 753 972 829 quaest.
995 766 1085 810 conv.
1108 743 1181 813 VH
1205 748 1234 823 2,
1253 746 1291 808 δι

126 852 185 919 καί
207 851 413 945 ἐπιτηδείους
434 856 638 942 παρακαλεῖν
661 852 721 920 ἐπὶ
743 852 912 920 κοινωνίαν
934 854 1078 942 σπονδῆς
1095 852 1152 919 καί
1166 851 1292 941 τραπέ-

125 961 183 1052 ζης
212 959 268 1027 καί
295 958 397 1047 λόγων
429 960 461 1027 ἐν
488 957 565 1049 οῖ’νφ
591 961 783 1047 γιγνομένων
810 960 866 1027 καί
893 958 1135 1053 φιλοφροσύνης.
1186 959 1292 1044 Atque

122 1064 220 1133 ἑστία
242 1071 332 1134 θεῶν
354 1066 468 1151 legitur
491 1067 572 1130 sicut
593 1068 626 1130 in
649 1066 768 1131 scholio
791 1068 824 1130 in
845 1066 954 1151 fragm.
978 1069 1018 1132 37
1043 1066 1202 1151 (Duebn.):
1237 1060 1293 1147 οὓς

121 1176 178 1240 δεῖ
201 1170 281 1259 μετὰ
303 1169 400 1254 θεοὺς
422 1177 518 1259 τιμᾶν
542 1168 586 1254 τίς
602 1167 780 1262 ἀγάλματα,
801 1172 907 1267 φησίν,
931 1168 1008 1242 όντα
1024 1166 1074 1264 ἐφ’
1092 1172 1181 1264 ἑστίη
1195 1176 1293 1241 θεῶν.

120 1278 193 1345 Sed
215 1287 336 1365 partem
362 1302 487 1366 quoque
518 1280 629 1345 scholii
660 1280 807 1345 alteram:
852 1277 908 1348 τὸν
941 1281 977 1348 δὲ
1009 1279 1132 1369 γείτονα
1163 1274 1218 1349 eoi)
1249 1278 1294 1371 μὴ

119 1386 265 1475 γείτονος
296 1386 501 1478 αἱρετώτερον
533 1387 578 1469 εἰς
608 1387 758 1479 τοιαύτην
790 1381 943 1477 ἡγεῖσθαι
974 1387 1171 1455 κοινωνίαν·
1199 1390 1295 1478 δῆλον

120 1495 186 1581 μὲν
209 1486 265 1562 οὖν
288 1489 339 1562 ὅτι
360 1496 487 1582 λέγεται
513 1501 568 1586 τῆς
595 1494 707 1586 φιλίας
730 1497 840 1585 κοινῆς
862 1488 977 1586 ούσης·
1002 1487 1038 1561 ού
1066 1493 1126 1583 γύρ
1149 1520 1217 1563 που
1239 1494 1295 1562 τὸν

123 1599 171 1693 μη
194 1601 299 1692 φίλον,
322 1601 445 1689 γείτονα
468 1603 512 1687 δέ,
536 1597 577 1669 δι’
604 1595 683 1670 αὐτὸ
706 1605 801 1671 τοῦτο
816 1608 974 1691 παραινεῖ
988 1604 1110 1687 μᾶλλον
1125 1606 1182 1670 τοῦ
1197 1601 1295 1692 φίλου

126 1715 307 1776 ποιεῖσθαι
330 1711 500 1794 συνέστιον,
524 1709 714 1799 προειπών·
735 1708 789 1777 τόν
812 1711 963 1800 φιλέοντα
980 1707 1040 1777 ἐπὶ
1055 1712 1151 1777 δαῖτα
1167 1712 1293 1777 καλεῖν·

127 1816 238 1884 τούτου
261 1817 297 1884 δὲ
317 1807 410 1897 ’όντος
440 1820 576 1907 φανεροῦ
605 1823 678 1898 πῶς
705 1809 763 1886 ούκ
791 1810 919 1904 εύλογον
945 1817 1047 1884 πλέον
1078 1822 1147 1898 τοῖς
1173 1815 1294 1905 γείτοσι

127 1924 234 2009 νέμειν
257 1914 277 2013 ἢ
300 1920 429 2005 τούτους
450 1925 510 2009 μὲν
532 1931 695 2014 παρεῖναι,
724 1921 798 2005 τοὺς
820 1924 857 1991 δὲ
879 1924 924 2014 μη
948 1923 1093 2011 γείτονας
1114 1916 1294 2016 εύφραίνειν

126 2037 199 2112 ταῖς
223 2031 438 2123 φιλοτησίαις,·
461 2024 534 2099 οὐδὲ
557 2029 616 2120 γὰρ
638 2028 696 2112 τὰς
718 2029 874 2118 γειτονίας
888 2029 965 2112 ἴσως
981 2029 1112 2100 οἴεσθαι
1130 2034 1179 2098 δεῖ
1192 2030 1296 2123 μύτην

127 2132 206 2229 ημῖν
230 2131 457 2224 ἇπονέμεσθαι
485 2137 581 2206 τοίων
604 2130 625 2228 ἢ
647 2137 743 2206 τοίων
766 2131 953 2227 όνθραίπων
974 2138 1111 2223 θεόθεν,
1136 2131 1218 2206 ἄλλα
1240 2139 1296 2205 καί

128 2248 223 2313 τοῦτο
246 2244 291 2326 είς
312 2242 401 2327 τάξιν
424 2244 614 2337 εἱμαρμένης
636 2246 747 2336 φύρειν
770 2243 866 2330 ἔχειν,
889 2246 946 2313 καί
968 2245 1196 2335 προσήκεικαὶ
1212 2243 1297 2334 πρὸς

132 2351 247 2443 ταύτην
271 2347 490 2444 ἀφοσιοῦσθαι
517 2351 572 2419 τὸν
601 2350 712 2436 ἔχοντα
739 2357 838 2420 νοεῖν·
862 2351 985 2444 τρόπον
1012 2351 1072 2441 γοίρ
1099 2379 1170 2420 τινα
1198 2345 1296 2420 καίό

136 2457 245 2545 γείτων
265 2454 342 2546 ίμῖν
366 2459 511 2539 σύνοικός
534 2459 602 2526 ἐστι
630 2460 687 2526 καί
716 2453 900 2550 ὁμωρόφιος
926 2458 1094 2522 Plutarcho
1121 2458 1296 2538 tribuimus

138 2586 318 2651 quamquam
349 2564 382 2629 id
414 2566 507 2652 plane
530 2566 623 2630 certis
647 2565 836 2650 argumentis
861 2567 1005 2630 evincere
1033 2587 1096 2630 non
1119 2587 1296 2652 possumne.

134 2670 199 2736 Sed
214 2673 380 2738 verisimile
398 2681 454 2737 est.
491 2671 678 2737 Plutarchus
694 2673 864 2737 enimcum
886 2674 919 2736 in
940 2674 1031 2737 initio
1055 2672 1166 2738 scholii
1181 2671 1298 2737 dixerit

129 2779 172 2846 τό
188 2781 276 2870 πρὸς
289 2781 364 2862 τοὺς
379 2780 493 2871 φίλους
507 2781 564 2848 καί
579 2780 721 2867 γείτονας
735 2779 924 2871 καθήκοντα
941 2777 1065 2845 suaderi
1080 2779 1128 2844 his
1144 2779 1298 2861 versibus,

125 2896 297 2974 postquam
312 2888 352 2956 τδι
367 2887 455 2977 πρὸς
470 2887 583 2979 φίλους
597 2887 699 2952 fusius
714 2888 884 2953 illustravit
899 2887 1009 2953 scholii
1023 2895 1113 2974 parte
1128 2887 1240 2974 priore,
1254 2886 1296 2954 τὰ

126 2995 217 3086 πρὸς
247 2994 391 3082 γείτονας
421 3017 545 3080 quoque
572 2994 714 3080 pluribus
745 3002 897 3059 tractasse
923 2995 1031 3080 utique
1055 3002 1104 3058 est
1129 2992 1297 3079 putandus.

125 3101 263 3166 Proclus
291 3110 395 3166 autem
424 3102 486 3166 illis
512 3101 708 3187 transcriptis
736 3124 791 3165 cur
818 3101 896 3166 haec
925 3102 1085 3166 omitteret
1111 3124 1148 3166 ac
1171 3099 1211 3166 de
1239 3122 1296 3165 suo

125 3211 237 3296 potius
269 3209 429 3296 suppleret
460 3231 586 3274 oausam
617 3229 675 3272 nos
708 3206 835 3293 quidem
867 3230 930 3272 non
961 3208 1177 3295 perspicimus.
1228 3208 1298 3272 Nec

125 3315 286 3381 dedecent
316 3316 517 3381 Plutarchum
547 3337 626 3401 quae
660 3315 694 3378 in
724 3314 843 3379 scholio
873 3313 914 3380 de
946 3316 1058 3380 vicinis
1090 3322 1297 3402 exponuntur.

125 3424 243 3509 Neque
275 3446 461 3509 quemquam
492 3423 554 3487 nisi
590 3422 804 3502 Plutarchum,
836 3423 890 3507 qui
926 3423 1018 3487 anxia
1049 3445 1123 3486 cura
1153 3422 1297 3507 quamvis

125 3529 268 3596 Hesiodi
295 3530 557 3616 vituperationem
585 3552 736 3616 occupare
764 3526 919 3609 studeret,
945 3528 1171 3594 descensurum
1199 3528 1297 3593 fuisse

127 3640 347 3703 existimamus
371 3637 411 3702 ad
433 3637 635 3702 refellendam
663 3636 819 3723 expressis
850 3636 955 3701 verbis
982 3636 1093 3701 miram
1120 3635 1297 3723 opinionem

126 3769 201 3812 eam
223 3768 286 3831 qua
308 3746 378 3831 quis
393 3745 553 3832 putaverit
567 3744 746 3809 Hesiodum
768 3744 947 3831 praecipere
970 3752 1007 3808 ut
1022 3744 1168 3824 vicinum,
1191 3766 1298 3828 quam-

125 3854 180 3920 vis
212 3875 276 3918 non
308 3853 426 3918 amicus
458 3855 513 3932 sit,
543 3853 649 3939 potius
678 3854 848 3916 invitemus
877 3875 971 3937 quam
1002 3853 1136 3916 amioum
1167 3853 1235 3936 qui,
1265 3849 1300 3913 id

127 3960 217 4047 quod
249 3960 459 4047 supplendum
491 3967 552 4040 est,
585 3982 650 4024 non
684 3960 726 4025 sit
754 3959 885 4024 vicinus.
929 3959 1036 4022 Etiam
1058 3958 1144 4044 quod
1172 3959 1206 4022 in
1238 3958 1300 4022 fine

128 4069 245 4135 scholii
268 4068 481 4148 contenditur,
510 4067 687 4132 vicinitates
711 4067 924 4154 providentia,
955 4089 1018 4131 non
1042 4089 1060 4130 a
1082 4066 1151 4131 deis
1174 4065 1300 4152 disponi
