3146 4832
737 270 776 333 11

651 362 864 370 —-———-—.

174 461 361 527 Plutarchus
385 471 470 528 certe
497 486 564 528 rem
591 465 635 528 ita
661 465 765 529 animo
792 465 988 551 proponebat
1014 475 1051 530 ut
1072 490 1177 532 musas
1200 469 1282 534 inter
1304 493 1337 535 se

174 570 289 634 amicas
313 579 344 633 et
367 578 514 654 cognatas
543 594 625 651 esse,
653 572 682 635 h.
698 594 724 636 a.
753 582 788 636 ut
815 574 868 658 qui
895 572 936 637 ad
959 596 1052 638 unam
1075 597 1180 639 earum
1204 579 1337 641 maxime

176 699 246 740 sese
276 677 478 763 applicasset,
510 678 539 742 ei
572 687 723 744 statueret
754 688 858 744 tamen
888 688 1008 745 ceteras
1038 703 1161 766 quoque
1191 683 1337 749 colendas

175 802 253 863 esse,
276 784 303 848 si
326 783 453 869 quidem
475 785 569 849 homo
592 786 658 849 fieri
681 786 778 850 vellat
800 809 874 853 vere
902 787 1052 852 eruditus.
1097 789 1255 867 Quocirca
1281 814 1338 877 par

174 897 223 955 est
251 898 361 976 putare
386 891 469 974 ,illud
498 914 654 958 musarum
684 894 890 978 veriloquium
925 903 1029 960 tamen
1060 896 1206 961 usitatius
1240 896 1336 962 fuisse

174 1020 267 1082 quam
289 997 437 1063 Flachius
461 1008 587 1064 censeat
609 1008 642 1064 et
664 1009 859 1087 assumptum
883 1024 952 1066 esse
976 1002 1177 1067 ascholiasta
1195 1003 1336 1069 alicunde

173 1127 192 1168 a
214 1104 382 1170 Plutarcho
406 1128 546 1172 seorsum
556 1112 575 1171 1.

281 1336 406 1410 lNeque
429 1339 513 1409 igitur
535 1339 610 1392 illam
634 1339 880 1410 praefatiunculam
905 1340 1053 1395 Plutarcho
1076 1342 1230 1410 tribuimus,
1249 1360 1337 1413 neque

172 1432 204 1481 ut
219 1428 298 1481 aliter
311 1433 464 1481 statuamus
478 1446 681 1483 commovemur
694 1430 810 1484 Useneri
824 1430 1009 1499 disputatione
1024 1431 1052 1484 in
1067 1432 1137 1485 Mus.
1148 1432 1236 1486 Rhen.
1246 1432 1337 1486 XXII

172 1534 199 1587 p.
219 1518 424 1573 terrasticum.
462 1518 490 1571 ls
510 1519 582 1572 enim
602 1518 636 1572 ad
655 1536 718 1590 opp.
737 1536 761 1572 v.
782 1520 830 1573 25:

331 1607 377 1661 καὶ
395 1607 526 1675 κεραμεὺς
545 1617 659 1675 κεραμεῖ
673 1609 756 1661 κοτέει
775 1609 820 1661 καὶ
840 1609 938 1661 τέκτονι
957 1609 1056 1662 τέκτων

172 1695 367 1750 illustrandum
390 1697 419 1750 in
444 1697 537 1751 codice
561 1697 719 1751 Monacensi
744 1697 796 1751 hoc
819 1698 953 1752 scholium
978 1699 1081 1752 invenit
1100 1699 1173 1770 quod
1192 1699 1337 1754 manifesto

172 1785 314 1840 Plutarchi
333 1786 527 1840 commentario
542 1786 634 1840 deberi
649 1786 791 1840 censebat:
811 1787 898 1841 δεῖδὲ
916 1788 944 1839 τὸ
962 1789 1116 1856 πρόσφορον
1130 1790 1229 1848 ἑαυτοῖς
1248 1790 1336 1856 ἑλομέ-

172 1896 233 1933 νους
258 1876 304 1927 καὶ
332 1877 517 1934 διαπονοῦντας
544 1877 588 1928 ε’ᾶν
614 1876 644 1929 τὰ
672 1883 724 1928 τῶν
749 1877 835 1929 ἄλλων
841 1918 848 1940 ,
876 1877 921 1929 καὶ
947 1876 985 1945 μὴ
1012 1878 1056 1929 τόν
1080 1879 1204 1931 Ἡσίοδον
1227 1878 1337 1947 ἐλέγχειν

171 1964 334 2032 ἐνδεέστερον
353 1966 468 2017 εἰπόντα

331 2054 377 2106 καί
395 2054 526 2121 κεραμεὺς
545 2063 659 2122 κεραμεῖ
673 2055 757 2107 κοτέει
776 2055 821 2107 καὶ
840 2056 938 2109 τέκτονι
958 2056 1070 2108 τέκτων·

172 2143 204 2196 οῦ
230 2143 278 2211 γὰρ
303 2145 383 2210 μόνον
406 2143 465 2201 τοὺς
489 2144 645 2213 ὁμοτέχνους
671 2145 716 2196 καὶ
740 2143 799 2202 τοὺς
825 2146 987 2211 ὁμοτρόπους
1018 2146 1167 2212 ζηλοῦντες,
1200 2145 1263 2199 ἀλλὰ
1291 2147 1336 2199 καὶ

171 2233 274 2299 λογίους
297 2233 414 2285 πλούσιοι
438 2233 482 2285 καὶ
505 2234 645 2291 πλουσίους
669 2234 769 2295 ἔνδοξοι
793 2235 838 2285 καὶ
861 2235 992 2301 δικολόγοι
1016 2234 1140 2301 σοφιστὰς
1166 2235 1211 2287 καὶ
1234 2236 1275 2288 ναί
1299 2236 1336 2302 μὰ

172 2323 222 2374 Δία
241 2321 391 2388 κωμῳδοὺς
410 2322 601 2389 εὐημεροῦντας
628 2323 656 2374 ε’ν
683 2323 803 2389 θεάτροις
830 2323 875 2374 καὶ
899 2322 1027 2391 ὀρχηστὰς
1051 2323 1096 2375 καὶ
1124 2324 1285 2391 θεράποντας
1309 2326 1336 2378 ἒν

172 2411 263 2468 αὐλαῖς
281 2411 411 2479 βασιλέων
429 2412 562 2478 ἐλεύθεροι
582 2412 627 2464 καὶ
646 2412 797 2478 εὐπατρίδαι
815 2412 1076 2479 κατατεθαμβημένοι
1091 2413 1136 2465 καὶ
1149 2416 1336 2481 μακαρίζοντες

172 2500 204 2552 οῦ
222 2502 335 2566 μετρίως
357 2501 482 2553 λυποῦσιν
505 2500 599 2559 αῦτους
618 2501 663 2553 καὶ
682 2500 855 2567 ταράττουσιν.
893 2501 919 2554 Α
937 2501 1085 2555 Plutarcho
1104 2520 1169 2556 sane
1188 2503 1256 2556 haec
1274 2521 1335 2573 prc-

172 2589 246 2642 feota
263 2594 336 2656 sunt,
355 2589 477 2643 sednon
496 2607 530 2643 ex
549 2590 607 2643 eius
626 2589 820 2644 commentario
839 2595 957 2661 sumpta,
976 2607 1071 2644 vcmm
1086 2591 1121 2644 ad
1135 2591 1249 2645 verbum
1263 2598 1336 2646 tran-

171 2679 274 2748 scripta
299 2696 333 2732 cx
351 2696 410 2748 cap.
431 2681 464 2732 13
490 2679 727 2734 commentationis
751 2679 784 2732 de
810 2679 1008 2749 tranquillitate
1027 2680 1118 2734 animi.
1156 2681 1254 2751 Itaque
1273 2699 1335 2735 cum

172 2768 353 2822 Plutarchum
378 2769 469 2838 ipsum
498 2767 573 2822 huuc
596 2768 687 2822 locum
710 2770 910 2840 transcripsisse
937 2770 966 2822 in
994 2770 1219 2822 commentarium
1246 2787 1335 2837 suum,

172 2857 247 2927 quod
266 2857 383 2927 opineris
401 2857 526 2924 forsitan,
545 2858 689 2911 verisimile
708 2875 763 2912 non
782 2859 825 2925 sit,
845 2859 975 2930 quoniam
993 2877 1027 2912 ne
1047 2876 1133 2911 unum
1152 2860 1263 2929 quidem
1281 2861 1335 2914 talc

172 2945 329 3016 exemplum
353 2952 443 3000 exstat
450 2988 456 3014 ‚
480 2952 600 3001 statuere
624 2947 754 3001 debemus
780 2948 954 3018 interpretem
980 2947 1118 3018 quendam
1136 2966 1252 3018 gnarum
1271 2950 1335 3002 Plu-

171 3035 260 3088 tarchi
279 3035 442 3106 scriptorum
461 3037 713 3106 interpretationem
735 3037 799 3091 inde
822 3055 915 3091 versus
939 3037 1071 3091 Hesiodei
1093 3043 1251 3092 mutuatum
1270 3056 1334 3093 esse.
1425 3029 1430 3035 ’

173 3124 228 3179 Sed
247 3124 281 3178 de
300 3125 468 3195 praefatione
494 3126 656 3196 theogoniae
679 3126 753 3180 idem
775 3125 895 3181 iudicare
918 3127 965 3180 vix
987 3127 1058 3180 licet.
1097 3125 1169 3180 Nam
1195 3131 1222 3181 et
1240 3129 1335 3181 Mona·

172 3214 260 3267 censis
279 3214 324 3268 ille
348 3214 434 3268 codex
453 3215 562 3268 videtur
584 3221 718 3269 secretum
742 3233 759 3268 a
781 3216 876 3269 ceteris
901 3216 992 3269 locum
1016 3213 1151 3283 obtinere,
1174 3221 1206 3269 ut
1229 3216 1263 3270 ab
1288 3217 1335 3271 illo

172 3303 389 3373 proficiscentem
408 3304 442 3358 de
461 3305 557 3358 ceteris
576 3304 631 3358 tale
650 3304 753 3374 aliquid
772 3322 872 3374 ponere
891 3305 937 3358 vix
955 3305 1044 3370 liceat,
1063 3322 1113 3359 uec
1131 3304 1275 3359 verisimile
1295 3312 1335 3360 est

107 3386 110 3395 ¹
171 3393 349 3462 interpretem
377 3394 568 3447 tantummodo
592 3394 772 3464 veriloquium
799 3394 868 3447 illud
893 3412 910 3447 a
928 3394 1076 3448 Plutarcho
1094 3396 1249 3464 sumpsisse,
1272 3413 1335 3449 cum

171 3486 214 3535 tot
233 3487 260 3534 et
279 3487 336 3535 tam
354 3483 463 3552 egregia
481 3483 546 3553 ipsis
568 3483 602 3537 de
620 3484 705 3536 musis
724 3484 835 3536 inventa
854 3483 908 3536 aha
925 3483 988 3537 inde
1007 3485 1145 3554 percipere
1163 3485 1335 3555 inpromptu

172 3575 251 3625 esset.
288 3571 461 3626 Probabilior
479 3577 551 3626 certe
570 3573 622 3626 hac
640 3573 749 3626 videtur
767 3572 993 3642 alia'explicatio,
1019 3590 1074 3642 qua
1096 3573 1171 3627 illam
1194 3591 1335 3628 musarum

171 3660 341 3714 notationem
360 3679 394 3715 ex
413 3679 475 3732 opp.
496 3661 719 3716 adnotationibus
738 3662 916 3728 Plutarcheis‚
939 3662 1012 3716 unde
1036 3663 1167 3716 exciderit
1184 3669 1287 3734 postea,
1306 3665 1334 3719 in

172 3749 334 3819 theogoniae
362 3751 466 3805 scholia
493 3752 685 3821 transcriptam
713 3769 770 3805 esse
802 3752 900 3821 aliquis
923 3752 1073 3821 putaverit,
1102 3753 1227 3822 exemplo
1254 3760 1334 3808 utens

171 3838 275 3892 scholio
289 3839 378 3909 theog.
389 3858 414 3894 v.
426 3842 485 3907 665,
505 3840 578 3910 quod
597 3841 706 3910 quidem
726 3842 872 3895 manifesto
891 3859 925 3894 cx
944 3859 1006 3912 opp.
1025 3841 1134 3895 scholiis
1149 3843 1334 3912 compluribus

171 3928 392 3998 conglutinatum
410 3930 453 3983 sit.
491 3930 568 3983 Licet
590 3929 642 3984 hoc
661 3930 771 4000 quidem
790 3931 823 3984 de
842 3928 1077 4002 praefatiunculae
1096 3931 1227 4001 suspicari
1246 3932 1334 3986 verbis

105 4015 109 4023 ’
171 4017 234 4083 illis,
253 4017 300 4071 sed
319 4019 463 4072 verisimile
488 4037 522 4072 ne
545 4019 598 4072 hoc
623 4010 735 4088 quidem*
757 4026 797 4073 est
820 4026 965 4090 propterea
987 4020 1061 4090 quod
1084 4020 1118 4074 de
1141 4020 1249 4074 duobus
1274 4021 1334 4076 aliis

172 4106 213 4160 illi
231 4107 364 4161 similibus
383 4109 457 4175 locis,
477 4108 523 4177 qui
542 4107 641 4163 dehinc
660 4109 860 4176 tractabuntur,
879 4110 947 4164 illud
966 4110 1084 4180 cogitare
1102 4127 1157 4165 non
1176 4110 1246 4163 licat.
