3146 4832
651 234 693 298 47

566 327 778 335 ———.

76 426 260 523 προήχθρ;
289 424 457 514 ἀπέχθεια
485 429 524 494 de
544 430 629 525 adul.
653 439 686 495 et
718 454 776 494 am.
799 453 866 517 cap.
891 434 951 495 22:
975 425 1043 499 εἶτα
1071 426 1254 514 ἀπεχθείας

75 536 175 623 πρὸς
198 534 324 626 ἑτέρους
441 535 575 621 διεξιών.
621 537 704 602 Tum
735 537 877 603 Platonis
905 537 1024 602 dictum
1050 537 1254 602 Plutarchum

76 642 223 729 prodere
247 643 386 724 videtur3
419 644 553 730 denique
577 645 773 709 enuntiatum
803 653 975 709 extremum
1003 644 1140 729 cogitare
1169 646 1254 729 cogit

77 749 119 814 de
140 750 317 815 Plutarcho
341 753 523 837 saepissime
546 752 590 815 ita
612 751 763 838 particula
786 745 840 820 οὖν
863 752 1108 838 disputationem
1130 752 1254 815 conclu-

80 855 197 937 dente,
230 856 263 921 id
291 857 376 942 quod
405 857 513 923 videre
535 858 611 923 licet
637 859 669 922 in
692 858 802 944 fragm.
850 862 909 924 18:
941 859 1057 944 τὸμὲν
1082 851 1136 927 οὖν
1159 852 1252 947 ἀρχο-

83 966 184 1049 μένου
208 964 410 1054 κορέσασθαι
433 992 467 1033 κ.Ι
479 994 504 1032 τ.
522 969 560 1048 λ.,
600 969 660 1030 29:
692 970 802 1034 τοῦτον
831 956 885 1034 οὖν
908 961 952 1046 αῖς
975 965 1097 1056 φυχρδν
1120 993 1148 1033 κ.
1169 993 1194 1032 τ.
1215 968 1253 1048 λ.,

83 1074 145 1136 30:
172 1074 241 1139 δεῖν
265 1061 320 1139 οὖν
343 1073 379 1140 ἐκ
402 1072 521 1141 τούτων
544 1067 627 1140 εἶναι
650 1101 679 1140 κ.
695 1101 722 1140 τ.
740 1076 778 1156 λ.,
803 1075 864 1138 36;
888 1072 1021 1140 πάντιον
1044 1070 1084 1162 δὴ
1108 1062 1164 1141 οὖν
1186 1099 1253 1140 τοι·

81 1177 189 1246 ου’των
212 1206 242 1246 κ.
265 1206 291 1245 τ.
316 1181 353 1264 λ.,
377 1183 436 1245 43:
461 1183 527 1247 δεῖν
550 1172 605 1247 cdv
627 1180 865 1266 μεμολυσμένον
888 1207 916 1247 κ.
933 1209 960 1247 τ.
976 1183 1004 1247 λ.

192 1285 320 1349 Deinde
350 1286 521 1351 Plutarcho
553 1286 661 1350 deberi
693 1285 848 1350 credimus
880 1286 1031 1351 scholium
1063 1286 1103 1350 ad
1136 1306 1165 1351 v.
1191 1289 1253 1352 735

81 1390 209 1474 (Gaisf.)
233 1413 317 1478 sqq.:

245 1500 329 1592 μηδέ
351 1494 424 1569 ποτ’
449 1497 571 1568 ἀενάων
593 1503 751 1587 ποταμῶν
774 1499 942 1591 καλίρροον
964 1495 1048 1590 ἀδωρ

247 1608 351 1676 ποσσὶ
373 1611 487 1699 περᾶν,
510 1609 591 1697 πρὶν
613 1604 639 1695 y'
658 1603 730 1699 είίξμ
754 1608 832 1676 ἰδών
856 1610 889 1689 ἐς
911 1606 995 1675 καλά
1018 1608 1147 1697 ῥέεθρα,

246 1719 356 1804 χεῖρας
378 1714 557 1804 νιψάμενος
579 1714 775 1808 πολυηράτῳ
799 1713 894 1783 ὕδατι
917 1719 1021 1803 λευκῷ

86 1819 298 1907 adscriptum:
329 1820 360 1888 οῖ
383 1824 524 1890 παλαιοί
551 1824 607 1890 καί
634 1828 745 1890 πᾶσαν
768 1824 826 1908 μέν
847 1820 905 1912 τὴν
928 1828 990 1889 τῶν
1013 1816 1137 1889 ὑδάτων
1159 1820 1256 1912 φάσιν

87 1921 128 2008 ὥς
149 1924 311 2019 τρόφιμον
332 1930 390 1996 καὶ
422 1926 593 2021 αὐξητικὴν
623 1936 685 1997 τοῖν
717 1921 842 2020 φέσεων
874 1926 961 2020 ίεράν
994 1926 1140 2014 ἐνόμιζον
1172 1923 1255 1996 εἶναι

88 2038 145 2102 τοῖν
168 2033 335 2122 ζωσμόνων
357 2038 460 2103 θεῶν·
484 2033 625 2121 μάλιστα
648 2039 684 2104 δὲ
706 2035 780 2117 τοὺς
803 2029 934 2117 ἀενάους
956 2036 1122 2121 ποταμοὺς
1145 2038 1256 2115 θείους

89 2140 245 2227 ἐνόμιζον,
269 2140 327 2233 τὴν
350 2136 562 2211 ἀνέκλειπτον
585 2150 647 2211 ταῖν
669 2146 756 2211 θεῶν
772 2138 881 2211 οὐσίαν
897 2142 1016 2223 ἱκαναῖς
1029 2144 1254 2228 μιμουμένους,

90 2251 143 2316 καί
176 2247 328 2334 δυνάμεις
359 2244 458 2340 ᾤοντο
497 2249 594 2331 θείας
630 2249 713 2334 ἔχειν
751 2247 934 2341 έφεστιάσας
970 2242 1085 2331 αὐτοῖς.
1124 2249 1256 2330 εἰκότως

97 2347 146 2422 οὖν
170 2355 225 2424 διά
248 2356 381 2424 πάντων
404 2352 489 2448 ἡμᾶς
510 2357 677 2425 παιδεύων
701 2356 746 2438 εἰς
769 2351 934 2444 εὐσέβειαν
957 2350 1042 2440 ἀξιοῖ
1063 2355 1108 2446 μὴ
1124 2355 1256 2443 διαβαί-

98 2486 157 2528 νειν
186 2463 229 2543 εἰς
251 2457 366 2532 ἀέναον
389 2461 550 2550 ποταμόν,
582 2464 662 2553 πρὶν
690 2457 863 2549 εὐξαίμεθα
885 2464 1059 2550 βλέποντες
1081 2462 1128 2544 είς
1142 2457 1253 2532 αὐτόν·

100 2561 243 2651 εῖῖχεσθαι
264 2572 301 2639 δὲ
325 2567 591 2660 ἀπονιψαμένους
618 2563 787 2660 πρότερον.
811 2571 866 2639 τὸν
889 2571 949 2660 γὰρ
970 2563 1107 2638 ἀνιπτον
1132 2571 1256 2639 διιόντα

98 2675 151 2742 διὰ
173 2676 285 2745 κακίαν
307 2683 403 2746 τοῦτο
426 2684 533 2746 ποιεῖν
564 2678 620 2768 τὴν
652 2683 915 2768 καταφρονοῦσαν
946 2665 991 2745 ὧν
1013 2681 1063 2746 δεῖ
1084 2676 1129 2769 μὴ
1156 2706 1256 2746 κατα-

93 2790 228 2873 φρονεῖν.
251 2786 308 2853 καῖ
331 2784 402 2852 ἔστι
424 2787 480 2853 καὶ
503 2791 595 2854 τοῦτο
619 2792 749 2878 σημεῖον
780 2788 955 2873 θεοσεβοῖς
988 2788 1083 2877 ζωῆς,
1115 2785 1152 2853 τὸ
1175 2787 1257 2879 μηδὲ

90 2888 121 2956 ἐν
141 2890 279 2972 τούτοις
292 2885 420 2977 ἀμελεῖν
441 2896 498 2961 τοῦ
521 2890 731 2984 καθήκοντος.
770 2892 911 2957 Maxime
926 2893 1128 2956 Plutarchum
1144 2915 1256 2978 agnos-

89 2998 186 3062 cimus
219 3000 252 3062 in
285 2999 453 3063 enuntiatis
486 3001 643 3064 extremis.
688 2999 783 3063 Latet
811 3000 894 3063 enim
922 3007 954 3063 et
980 3000 1012 3063 in
1040 2999 1089 3063 his
1117 2999 1255 3064 studium

88 3102 164 3170 illud
189 3105 368 3184 Hesiodia
390 3106 502 3191 quavis
521 3108 751 3191 vituperatione
775 3105 975 3170 defendendi.
1021 3104 1169 3171 Ceterum
1192 3129 1255 3170 non

86 3210 142 3277 hoc
167 3235 233 3275 uno
256 3213 326 3277 loco
341 3213 529 3277 Plutarchus
551 3213 668 3297 legenti
690 3212 879 3298 persuadere
896 3211 1003 3276 studet
1017 3213 1168 3298 pietatem
1182 3235 1256 3298 erga

86 3318 162 3386 deos
188 3319 242 3383 vel
271 3321 303 3382 in
326 3320 418 3384 rebus
441 3320 602 3384 vilissimis
631 3318 817 3384 servandam
844 3342 922 3384 esse.
967 3319 1019 3383 Ita
1040 3321 1074 3383 in
1096 3320 1191 3385 schol.
1215 3320 1255 3384 ad

87 3448 113 3491 v.
137 3430 206 3494 340
240 3429 448 3490 reverentiam
474 3426 650 3492 habendam
682 3447 751 3491 esse
784 3425 877 3490 docet
903 3449 1031 3491 mensae
1058 3427 1107 3491 his
1130 3427 1254 3492 verbis:

86 3528 285 3622 ἡγουμένους
312 3535 368 3602 καί
395 3534 560 3622 τράπεζαν
587 3531 697 3621 βωμὸν
720 3528 803 3601 εἶναι
825 3538 880 3623 τῆς
901 3528 1021 3614 Ἑστίας
1042 3535 1099 3602 καῖ
1122 3534 1255 3601 πάντων

85 3649 146 3711 τῶν
170 3639 231 3732 τὴν
258 3639 379 3732 τροφὴν
410 3642 641 3733 δωρησαμένων
672 3643 774 3725 θεῶν,
806 3639 981 3705 lavationes
1013 3642 1157 3726 religiose
1188 3642 1256 3705 fieri

85 3748 176 3817 iubet
198 3749 232 3813 iu
254 3748 363 3832 fragm.
388 3752 448 3812 44:
479 3748 625 3817 έλοάοντο
653 3749 689 3816 δέ
717 3744 942 3836 περιχεάμενοι
969 3748 1051 3816 κατὰ
1079 3741 1195 3837 κράτος
1221 3776 1254 3816 τε

86 3860 142 3926 καὶ
167 3851 285 3942 ἀίμων.
309 3858 382 3945 χρῆν
406 3845 539 3923 οὖνκαὶ
562 3855 675 3924 τούτου
698 3855 855 3944 πρότερον
871 3851 1026 3946 ἀφορίσαι
1046 3883 1076 3922 τι
1096 3858 1152 3946 τῆς
1175 3850 1254 3945 ἡμε-

87 3966 183 4055 τέρας
215 3961 357 4054 χρήσεως
388 3961 472 4052 ῖερδν
503 3969 599 4042 θεοῖς
630 3970 663 4026 et
691 3964 724 4025 in
750 3962 862 4047 fragm.
886 3967 946 4027 42:
993 3959 1010 4030 ὁ
1039 3964 1075 4031 δὲ
1094 3959 1254 4046 Ἡσίοδος,

90 4071 273 4140 νίπτεσθαι
302 4067 358 4150 τὰς
383 4076 487 4160 χεῖρας
513 4076 682 4157 παραινῶν
708 4068 774 4160 πρὸ
797 4072 851 4137 τοῦ
875 4070 1039 4155 σπένδειν,
1063 4069 1255 4139 ἐνδείκνυται
