3146 4832
690 274 730 337 21

125 467 221 555 quod
246 456 406 533 Plutarchi
438 467 514 549 sint,
548 467 605 533 sed
639 490 679 534 ne
708 491 771 555 quo
800 467 893 533 huius
926 467 1141 554 interpretatio
1173 473 1295 553 spectet

127 558 333 640 desideretur.
384 574 552 640 Praeterea
583 574 661 641 duas
693 597 804 641 versus
836 575 1107 662 interpretationes
1140 572 1294 638 scholium

129 682 266 762 exhibet,
287 703 419 766 quarum
440 704 504 746 uua
526 681 643 747 diserte
665 682 835 747 Plutarcho
858 680 1001 749 addicta:
1033 672 1171 772 μήποτε,
1196 681 1293 772 φησὶν

130 784 148 857 δ
170 782 384 880 Πλούταρχος,
408 788 466 856 ναὶ
488 780 629 857 Πλοῖτων
653 790 771 858 ἕπεται
793 794 839 878 τῷ
860 783 995 876 Ἡσιόδῳ
1018 789 1075 857 καὶ
1096 786 1295 880 Ξενοκράτης

129 897 185 964 καὶ
201 897 392 985 Λυκοῦργος
414 893 482 985 πρὸ
504 895 641 965 τούτων·
659 894 695 965 οἳ
705 896 827 977 πάντες
850 887 948 985 ιΞῖοντο
972 897 1039 964 δεῖν
1061 897 1118 964 ἕνα
1141 889 1292 987 κληρονό-

12 1008 19 1015 ’
76 998 79 1005 ’
125 1030 187 1089 μον
210 1005 426 1071 καταλιπεῖν·
450 1002 507 1070 καὶ
529 1005 622 1072 τοῦτο
644 993 683 1096 ἦν
705 1001 741 1073 τὸ
764 998 832 1071 ὑπὸ
852 1000 1006 1072 Ἡσιόδου
1029 994 1199 1090 λεγόμενον
1225 1002 1294 1066 He·

126 1109 235 1174 siodus
259 1108 300 1173 de
315 1108 520 1190 uno'herede‚
542 1132 605 1174 non
621 1109 661 1175 de
677 1132 740 1174 uno
756 1111 883 1174 omnino
898 1112 1054 1194 cogitasse
1076 1109 1141 1174 filio
1156 1116 1293 1196 putatur.

123 1216 220 1307 Hanc
243 1216 484 1302 explicationem
505 1224 673 1303 postquam
696 1239 730 1282 se
753 1216 885 1303 probare
900 1216 1087 1282 Plutarchus
1108 1216 1213 1283 verbis
1237 1217 1293 1284 καὶ

123 1328 217 1393 τοῖτο
241 1314 279 1416 ἦν
300 1321 336 1391 τὸ
360 1318 427 1392 ὑπὸ
441 1318 594 1392 Ἡσιόδου
616 1323 786 1413 λεγόμενον
808 1324 969 1410 professus
990 1332 1048 1405 est,
1070 1324 1200 1388 alteram
1222 1346 1292 1388 eum

125 1453 257 1516 eamque
280 1429 509 1517 discrepantem
530 1429 604 1496 huic
631 1431 943 1518 interpretationeml
970 1431 1015 1495 ita
1041 1429 1229 1495 adnexuisse
1256 1437 1292 1494 ut

125 1537 208 1619 hanc
235 1559 357 1623 quoque
385 1535 579 1625 probabilem
607 1537 711 1603 verbis
739 1541 829 1607 deaei
851 1539 888 1605 δὲ
916 1538 1103 1624 significaret
1129 1537 1221 1624 plane
1243 1538 1291 1601 in-

127 1644 275 1709 credibile
298 1652 355 1709 est
400 1644 491 1709 Iusta
517 1643 645 1730 quidem
671 1647 791 1710 ratione
819 1644 900 1710 duae
928 1643 1076 1731 deinceps
1106 1644 1291 1732 interpreta-

127 1751 229 1816 tiones
252 1751 451 1837 proferuntur
473 1751 505 1815 in
528 1751 638 1837 fragm.
662 1755 722 1817 28:
761 1755 824 1820 τῶν
846 1750 1064 1837 λιμωττόντων
1086 1751 1161 1832 τοὺς
1182 1750 1292 1831 πόδας

126 1859 207 1951 φησὶ
230 1858 447 1943 παχύνεσθοιι,
471 1859 507 1928 τὸ
530 1855 558 1926 δ’
584 1850 662 1927 litto
686 1862 778 1944 σῶμα
801 1859 1029 1927 λεπτύνεσθαι.
1053 1860 1110 1927 καὶ
1131 1853 1178 1939 εἷς
1195 1858 1292 1944 νόμος

125 1956 163 2057 ἦν
186 1959 336 2057 Ἐφεσίων
357 1966 403 2056 μὴ
426 1967 543 2049 ἐξεῖναι
569 1966 670 2056 πατρὶ
696 1968 821 2047 παῖδας
847 1961 1057 2050 ἀποθέσθαι,
1086 1967 1148 2046 ἕως
1175 1957 1213 2033 δν
1235 1966 1291 2033 διὰ

122 2073 219 2159 λιμὸν
236 2076 389 2164 παχυνθῇ
408 2070 480 2154 τοὺς
501 2072 622 2155 πόδας.
646 2070 726 2153 ἴσως
747 2075 784 2141 δὲ
806 2074 861 2140 καὶ
877 2069 933 2163 τὴν
956 2069 1026 2142 dat
1049 2072 1212 2152 καθίσεως
1234 2074 1290 2140 καὶ

122 2175 239 2269 ἀργίας
266 2179 423 2263 πάχονσιν
453 2178 546 2274 δηλοῖ
572 2182 636 2248 τῶν
663 2179 787 2248 πδδων.
838 2179 972 2244 Accedit
1001 2180 1087 2266 quod
1113 2180 1167 2245 illa
1195 2180 1291 2245 inter-

123 2287 260 2373 pretatio
288 2286 385 2350 altera
410 2286 578 2351 lectionem
604 2286 716 2351 falsam
744 2281 841 2370 σώζοι
868 2309 926 2373 pro
957 2284 1006 2378 εἴη
1034 2286 1174 2368 exhibet,
1197 2311 1290 2374 quam

126 2393 312 2458 Plutarchus
335 2393 391 2459 vix
413 2402 485 2458 ante
509 2393 616 2458 oculos
639 2393 756 2459 habuit.

233 2500 445 2565 Dissentimus
468 2523 487 2564 a
508 2500 651 2585 Pataigio
679 2500 890 2586 fragmentum
915 2503 955 2566 18
978 2500 1194 2566 tantummodo
1220 2496 1290 2567 ‘eo-

124 2608 223 2672 lorem
248 2630 265 2672 e
287 2607 455 2672 Plutarcho
478 2602 626 2672 traxisse'
651 2615 807 2673 statuente
839 2611 880 2694 (p.
897 2611 958 2692 24).
995 2608 1070 2673 Hoc
1092 2609 1175 2673 euim
1197 2608 1290 2674 facile

124 2714 216 2779 nobis
244 2715 436 2780 concesseris
464 2714 617 2780 scholium
645 2717 725 2780 siout
752 2738 835 2780 nunc
863 2724 968 2780 exstet
989 2715 1040 2798 (of.
1062 2739 1093 2801 p.
1119 2718 1170 2799 16)
1198 2716 1290 2781 abso·

121 2823 223 2887 lutum
247 2824 279 2885 in
303 2844 338 2886 se
360 2845 397 2886 ac
420 2821 512 2908 plane
534 2821 709 2908 perlectum
733 2844 802 2887 esse
825 2824 1057 2908 sententiasque
1076 2822 1159 2887 iusto
1181 2830 1289 2887 tenore

121 2933 207 2994 inter
229 2952 264 2994 se
288 2929 432 3015 excipere
455 2951 556 3014 neque
572 2928 741 3014 quidquam
762 2929 826 3014 legi
842 2929 926 3014 quod
941 2928 1052 2994 abesse
1075 2930 1174 2994 malis.
1207 2930 1289 2994 Tum

123 3059 200 3102 vero
228 3037 383 3101 sententia
418 3036 451 3100 in
477 3037 539 3100 fine
566 3035 717 3100 collocata
743 3036 911 3101 manifesto
938 3035 1045 3121 prodit
1066 3059 1192 3100 manum
1214 3036 1290 3100 Plu-

124 3143 233 3224 tarchi,
256 3145 344 3207 cuius
368 3151 436 3207 erat
457 3141 652 3207 consuetudo
676 3165 693 3207 e
716 3152 878 3229 poetarum
901 3142 1006 3208 verbis
1029 3164 1187 3208 assumere
1209 3166 1289 3229 quae

125 3249 166 3314 ad
188 3273 289 3315 mores
313 3248 525 3315 emendandos
548 3250 697 3315 valerent
742 3248 814 3314 Hac
841 3258 944 3314 autem
972 3250 1127 3314 sententia
1150 3258 1290 3315 extrema

125 3359 271 3442 quoniam
308 3357 496 3443 oolligrmtur
532 3356 762 3443 quodammodo
795 3365 828 3421 et
862 3356 1170 3443 comprehenduntur
1209 3380 1288 3443 quae

121 3463 324 3550 praecedunt,
347 3487 384 3529 ea
406 3487 530 3550 quoque
554 3465 658 3529 omnia
681 3465 763 3529 sicut
783 3464 930 3549 leguntur
944 3464 1113 3530 Plutarcho
1135 3464 1210 3530 dare
1225 3488 1289 3529 non

121 3580 174 3637 est
197 3570 412 3636 dubitandum.
443 3570 602 3664 Πατρίοις
624 3569 751 3657 quidem
773 3571 961 3637 Plutarchus
985 3571 1025 3637 de
1048 3571 1132 3648 festo
1154 3571 1288 3637 Atheni·

232 3858 344 3910 1Δοκεῖ
363 3857 393 3911 δὲ
418 3858 434 3925 ἦ
460 3858 527 3919 λέξις
552 3857 695 3926 εὐχομένου
719 3856 783 3911 εἶναι
807 3858 852 3911 καὶ
875 3858 907 3911 οὐ
932 3858 1173 3926 συμβουλεύοντος·
1192 3856 1287 3925 τὸγὰρ

121 3948 204 4008 σώζοι
230 3947 363 4014 πατρώιον
388 3945 462 4000 οἷκον
485 3947 607 4000 εὐκτικόν
630 3947 711 4000 ἐστιν·
727 3949 794 4000 ὥστε
812 3946 876 4001 εἶναι
895 3946 939 3999 τὸν
956 3948 1040 4014 λόγον,
1058 3947 1083 3999 εἶ
1099 3947 1144 3999 καὶ
1161 3946 1199 4014 μὴ
1218 3947 1287 3999 πλεί-

121 4057 168 4095 ους
188 4035 239 4089 εἶεν
257 4038 360 4100 παῖδες,
380 4036 443 4089 ἀλλὰ
461 4035 621 4104 μονογενὴς·
640 4037 716 4095 οὗτός
739 4058 767 4104 γε
790 4037 871 4098 σώζοι
895 4036 938 4089 τὸν
961 4035 1041 4089 οἶκον.
1068 4036 1096 4089 τὸ
1115 4036 1144 4089 δὲ
1162 4036 1287 4103 ἑπόμενον

121 4126 248 4194 στιχίδιον
266 4126 301 4178 ἔτι
319 4125 417 4192 μᾶλλον
435 4126 489 4178 λύει
508 4124 554 4193 τὴν
573 4126 704 4195 διαβολήν.
