3146 4832
817 258 857 320 12

359 450 939 538 Dcindcindisceptationemvcniunt
950 474 990 517 ox
1002 450 1120 517 scholio
1132 449 1173 516 ad
1185 450 1416 537 thoog.v.116:

412 551 483 653 ἤτοι
504 560 564 646 μέν
586 558 753 649 πράτιστα
775 559 852 644 χάος
873 552 968 647 γένετ’

254 666 413 753 adscripto
434 666 528 732 haec:
559 665 698 734 Πλάτων
724 670 871 759 πανδεχῆ
899 665 996 758 φάσιν
1023 666 1128 755 λέχει·
1156 667 1204 734 δεῖ
1230 663 1289 756 γάρ
1316 664 1420 734 τόπον

254 769 507 864 ὑποστήσασθαι
534 765 572 854 ὃς
598 774 723 857 δέχεται
750 772 824 856 τοὺς
850 773 895 856 είς
922 767 1020 843 αότόν
1047 773 1264 860 γεννωμένους.
1311 770 1419 837 Simile

254 882 337 946 onim
364 879 442 945 dicit
468 880 656 945 Plutarchus
683 879 723 945 ds
746 880 789 945 Is.
813 889 846 946 et
868 880 952 946 Osir.
975 902 1042 966 cap.
1072 883 1123 945 57.
1171 879 1223 945 Ibi
1253 886 1421 966 postquam

254 986 432 1053 Hesiodum
447 985 557 1053 eadem
572 1010 675 1052 rerum
690 988 845 1074 principia
860 1010 930 1053 cum
946 988 1114 1074 Aegyptiis
1130 987 1273 1073 posuisse
1288 988 1329 1070 (v.
1343 989 1420 1070 116)

254 1094 343 1176 dixit,
366 1096 411 1159 sic
433 1095 551 1181 pergit:
583 1092 619 1163 τό
642 1093 700 1185 γάρ
722 1094 798 1180 χάος
821 1098 910 1164 δοκεῖ
931 1094 1037 1185 χυίραν
1060 1092 1132 1162 τινὰ
1155 1094 1212 1162 καί
1238 1092 1341 1162 τόπον
1363 1095 1420 1161 τοῦ

254 1200 377 1283 παντὸς
399 1196 632 1270 ὑποτίθεσθαι.
677 1201 821 1289 Itemque
843 1203 876 1267 in
899 1209 1019 1288 quaest
1035 1224 1125 1267 conv.
1140 1201 1177 1269 V
1190 1204 1254 1282 5‚2
1293 1194 1419 1270 εὐδοκι-

252 1315 309 1396 μεῖ
330 1310 367 1378 δέ
389 1311 589 1396 θαυμαστῶς
611 1310 668 1378 καί
689 1304 836 1391 Ἡσίοδος
857 1308 980 1378 είπών·

412 1410 485 1507 ἤτοι
506 1417 567 1503 μέν
589 1416 759 1509 πριότιστα
782 1415 860 1502 χάος
882 1410 989 1507 γένετ’.

253 1521 359 1614 χιόραν
381 1521 442 1614 γάρ
466 1521 534 1592 ἔδει
557 1525 613 1592 καί
635 1523 739 1593 τόπον
761 1530 1032 1612 προυποκεῖσθαι
1055 1530 1122 1604 τοῖς
1143 1522 1332 1611 γενομένοις.
1363 1522 1419 1586 In-

252 1632 435 1718 terpretatio
458 1630 554 1716 igitur
571 1653 608 1695 ea
623 1635 678 1700 τοῦ
692 1630 788 1716 χάους
802 1630 843 1695 ad
858 1631 1044 1696 Platoneml
1066 1630 1149 1695 redit
1163 1639 1320 1695 auctorem
1325 1654 1334 1710 3
1357 1652 1420 1715 qua
1529 1656 1531 1660 ·

254 1745 287 1802 st
310 1761 329 1803 a
350 1737 544 1803 ΡΙιιιαυολιο2
566 1745 599 1802 st
620 1761 640 1802 a
662 1738 831 1803 scholiasta
845 1746 1006 1824 assumpta
1028 1738 1142 1803 similia
1157 1737 1253 1802 verba
1275 1736 1419 1803 evenisse

253 1867 316 1909 non
339 1846 384 1909 ita
405 1847 517 1909 mirum
541 1852 597 1909 ost

358 1952 505 2038 Denique
528 1973 568 2017 ex
591 1952 710 2017 scholio
733 1951 826 2016 adv.
850 1954 928 2017 266:

413 2112 444 2127 ..
468 2052 663 2151 Ἠλέκτρην·
680 2051 700 2150 ἢ
723 2052 752 2127 δ’
776 2053 892 2128 ιόκεῖαν
914 2059 1004 2128 τέκεν
1022 2048 1096 2149 Ἰριν

253 2165 402 2231 adnotato
417 2166 494 2230 haec
509 2167 621 2232 verba:
646 2159 716 2235 άπὸ
739 2172 796 2256 τῆς
817 2165 1026 2258 λαμπηδόνος
1048 2164 1169 2253 γίνεται
1192 2163 1228 2233 τό
1251 2162 1342 2247 τόξον
1357 2185 1364 2199 ·
1381 2158 1419 2233 οὗ

253 2270 312 2363 γὰρ
328 2271 393 2356 έχει
416 2272 502 2341 ἰδίαν
524 2268 695 2357 ὑπόδεσιν,
721 2265 789 2341 ἀλλ’
814 2271 956 2364 έμφασίς
970 2271 1020 2354 τίς
1043 2274 1108 2341 ἐστι
1126 2293 1133 2307 ·
1149 2275 1205 2340 τοῦ
1221 2270 1280 2362 γάρ
1302 2272 1418 2364 νέφους

252 2377 368 2471 μικράς
383 2378 513 2469 ῥανίδας
529 2377 652 2464 ἔχοντος
667 2380 723 2448 καί
739 2378 918 2461 ἐξεναντίας
932 2380 1080 2466 κειμένου
1096 2385 1151 2447 τοῦ
1166 2374 1259 2469 ἡλίου
1275 2375 1416 2447 ἀνακλᾶ-

253 2514 305 2554 ται
322 2481 342 2578 ἡ
357 2481 494 2577 ἡμετέρα
516 2478 597 2575 όψις
618 2484 701 2576 πρὸς
723 2484 777 2555 τόν
799 2481 889 2576 ἥλιον
904 2487 960 2554 καί
976 2490 1064 2554 δοκεῖ
1078 2513 1111 2553 τι
1126 2478 1243 2554 κόκλου
1258 2488 1368 2576 τμῆμα
1385 2487 1417 2553 έν

252 2599 299 2683 τῷ
314 2593 401 2684 νέφει
416 2588 499 2662 εἶναι
514 2615 728 2679 comparamus
745 2595 873 2659 cumeis
889 2615 968 2679 quao
984 2582 1023 2657 dc
1039 2615 1113 2658 arcu
1128 2592 1256 2656 coelesti
1271 2592 1418 2678 leguntur

253 2707 346 2764 amat.
369 2722 435 2785 cap.
459 2703 519 2765 20:
560 2694 735 2795 ἀνάκλασις
766 2700 874 2790 δήπου
903 2698 941 2768 τό
971 2702 1049 2789 περὶ
1080 2698 1136 2792 τὴν
1167 2695 1232 2788 ἶρίν
1264 2701 1328 2767 ἐστι
1360 2703 1417 2790 τῆς

252 2798 362 2894 ’όψεως
383 2806 511 2891 πάθος,
541 2802 617 2876 όταν
648 2802 748 2900 ἡσυχῆ
770 2813 895 2898 νοτερῷ,
919 2806 996 2896 λείῳ
1020 2808 1056 2875 δέ
1080 2808 1136 2875 καί
1157 2807 1288 2893 μέτριον
1310 2805 1418 2891 πάχος

254 2912 356 2999 έχουσι
378 2916 611 3003 προσπεσοῦσα
633 2914 723 3005 νέφει
745 2916 802 2982 τοῦ
824 2909 917 3005 ἡλίου
936 2913 1045 3005 ψαύσῃ
1064 2907 1133 2982 κατ)
1151 2907 1336 2998 ἀνάκλασιν,
1360 2916 1416 2981 καί

252 3019 310 3113 τὴν
332 3022 410 3110 περί
433 3022 553 3090 ἐκεῖνον
575 3014 673 3113 αὐχὴν
697 3015 802 3110 ὁρῶσα
825 3022 882 3089 καί
904 3018 941 3090 τό
957 3026 1028 3113 φῶς
1042 3018 1137 3102 δόξαν
1159 3015 1235 3111 ἡμῖν
1251 3020 1416 3115 ένερχάσιχὴ

252 3156 308 3197 ται
330 3130 387 3196 τοῦ
410 3127 639 3219 φαντάσματος
666 3123 710 3210 ὡς
737 3129 769 3196 έν
795 3130 840 3218 τῷ
867 3131 956 3219 νέφει
987 3123 1076 3208 όντος
1104 3136 1136 3192 st
1162 3127 1241 3213 plac.
1264 3127 1338 3213 phil.
1361 3126 1417 3191 ΙΠ

255 3239 284 3316 5,
301 3238 333 3300 l:
357 3239 421 3303 τῶν
442 3234 621 3327 μεταρσίων
643 3232 829 3303 ποθοῦντά
851 3237 910 3322 μέν
933 3229 1011 3303 καθ)
1035 3230 1214 3304 ὑπόστασιν
1236 3233 1365 3322 γίνεται,
1383 3287 1415 3302 ..

252 3340 293 3411 τά
317 3343 354 3411 δέ
377 3338 447 3411 κατ>
473 3340 629 3434 ἔμφασιν,
656 3342 743 3410 ἰδίαν
770 3336 829 3411 οόκ
851 3340 963 3428 έχοντα
991 3337 1172 3410 ὑπόστασιν
1193 3396 1199 3409 .
1222 3396 1228 3409 .
1253 3340 1341 3410 ἔστιν
1363 3334 1418 3410 οὖν

253 3443 323 3518 κατ’
348 3448 489 3540 ἔμφασιν
511 3444 531 3540 ἡ
553 3445 616 3539 ἶρις
643 3458 675 3514 ct
699 3453 727 3530 5,
752 3454 785 3515 3:
814 3452 863 3518 δεῖ
884 3448 943 3536 γάρ
966 3451 1136 3541 ἐπινοῆσαι
1153 3447 1209 3540 τὴν
1225 3444 1319 3538 όχράν
1335 3442 1416 3516 άνα-

252 3554 412 3643 θυμίασιν
436 3555 482 3636 είς
503 3557 601 3647 νέφος
622 3556 895 3643 μεταβάλλουσαν,
918 3549 974 3625 εἶτ’
999 3558 1035 3623 ἐκ
1056 3563 1115 3625 τοῦ
1137 3554 1219 3624 κατὰ
1246 3554 1346 3645 βραχέι
1371 3556 1418 3638 είς

252 3660 370 3754 μικράς
399 3661 533 3753 ῥανίδας
560 3660 751 3748 νοτιζούσας,
779 3717 785 3730 .
812 3716 819 3730 .
853 3657 930 3732 όταν
963 3652 1019 3731 οὖν
1052 3658 1181 3754 ὁῆλιος
1211 3664 1338 3755 γένηται
1371 3663 1418 3745 είς

359 3931 369 3962 ¹
389 3931 431 3986 Of.
441 3931 510 3985 Tim.
522 3931 557 3986 50
567 3931 602 3984 B:
621 3932 637 3983 δ
650 3930 727 3989 αὐτὸς
741 3929 774 3999 δὴ
789 3932 863 4000 λόγος
877 3931 936 3997 περὶ
951 3939 995 3999 τῆς
1010 3931 1040 3985 τὰ
1054 3931 1137 3985 πάντα
1151 3931 1294 4000 δεχομένης
1309 3931 1417 4000 φύσεως

253 4027 281 4077 et
299 4023 331 4077 51
352 4021 390 4075 A:
409 4020 463 4074 ἀλλ’
484 4020 610 4090 άνόρατον
628 4019 697 4079 εἶδός
716 4041 738 4072 τι
757 4021 803 4073 καὶ
821 4021 952 4089 ἄμορφον,
970 4022 1104 4090 πανδεχές.

359 4111 430 4168 ⁹0f.
450 4109 556 4166 Flachii
573 4110 591 4164 l.
610 4109 628 4164 l.
647 4127 674 4182 p.
694 4111 735 4164 39.
