3146 4832
144 435 274 515 propter
290 428 410 493 famem
434 427 639 494 crassitudine
663 429 872 515 explicanda1
904 429 956 495 vel
978 428 1011 492 in
1034 425 1209 492 statuendis
1241 432 1310 492 c'or-

144 559 256 622 porum
285 536 483 631 muhebpium
513 535 682 601 defluviis2
711 538 818 600 insunt
840 559 919 621 quae
942 534 1036 601 hodie
1059 535 1150 600 nobis
1180 533 1311 599 ridicula

145 641 319 724 videantur,
341 643 402 707 hoc
424 665 464 707 ne
487 643 585 708 verbo
608 643 735 728 quidem
758 665 907 708 excusare
930 665 1009 729 opus
1033 651 1090 707 est.

250 750 298 816 Ut
320 759 425 815 autem
447 750 635 815 Plutarchus
657 750 750 815 laude
774 750 888 835 dignus
912 758 969 831 est,
992 748 1076 836 quod
1100 772 1207 814 eorum
1230 770 1309 834 quae

144 855 185 921 ad
207 865 332 942 poetam
355 858 529 922 luculenter
552 856 819 944 interpretandum
842 857 1017 922 necessaria
1040 866 1141 937 erant,
1164 864 1200 920 ut
1222 855 1310 921 vide-
1351 935 1354 939 ¹

143 972 204 1045 tun
235 987 299 1028 non
328 963 419 1029 facile
442 965 608 1050 quicquam
632 965 751 1046 omisit,
780 965 825 1029 ita
854 964 893 1029 ab
917 987 954 1028 ea
975 964 1217 1050 reprehensione
1247 986 1309 1027 non

142 1093 271 1158 prorsus
295 1080 387 1135 vacat
415 1071 501 1156 quod
531 1070 708 1158 explicandi
738 1094 865 1159 operam
894 1071 1053 1135 interdum
1080 1071 1181 1135 fusius
1210 1092 1310 1155 aequo

144 1187 310 1244 exsecutus
334 1188 390 1244 est.
436 1178 517 1244 Cum
541 1179 623 1244 enim
654 1179 833 1265 interpretis
863 1179 938 1244 boni
969 1201 1038 1243 esse
1069 1177 1310 1242 existimandum

144 1286 185 1348 sit
208 1308 319 1351 versus
348 1294 460 1372 poetae
484 1287 529 1351 eis
552 1308 632 1372 quae
658 1308 788 1351 necesse
815 1295 889 1350 sunt
918 1308 1021 1351 rerum
1048 1284 1309 1371 explicationibus

142 1395 290 1479 prosequi
313 1393 457 1458 omnibus
487 1416 566 1478 quae
589 1393 629 1458 ab
653 1394 698 1458 eis
727 1393 828 1458 aliena
857 1403 931 1458 sunt
961 1394 1095 1473 omissis,
1124 1390 1310 1456 Plutarchus

143 1522 181 1564 eo
204 1522 267 1563 non
290 1506 455 1565 contentus
472 1499 700 1586 disputationes
723 1501 816 1565 latius
840 1499 971 1565 diffusas
994 1501 1122 1586 insuper
1136 1499 1226 1564 dedit
1247 1522 1310 1563 non

143 1607 269 1672 inutiles
292 1607 362 1672 illas
378 1607 505 1693 quidem
527 1630 641 1671 acuon
664 1608 809 1688 insulsas,
832 1607 889 1673 sed
911 1617 1016 1673 tamen
1039 1630 1102 1671 non
1118 1609 1310 1672 necessarias

143 1714 237 1778 etad
260 1715 552 1801 rempectinentes
590 1714 680 1792 Quas
696 1714 813 1802 duplici
836 1714 931 1779 modo
956 1716 1096 1802 proferre
1119 1715 1208 1779 solet.
1243 1714 1311 1778 Aut

143 1820 182 1885 ab
198 1843 236 1884 eo
251 1820 337 1907 quod
359 1829 453 1908 poeta
469 1822 603 1907 speciale
619 1821 702 1886 dixit
722 1825 908 1887 sententiam
931 1825 1110 1888 universam
1125 1844 1309 1907 quacunque

143 1928 263 1993 ratione
287 1927 382 2010 ducit,
405 1951 499 2014 quam
514 1930 665 2016 exemplis
688 1930 843 1994 illustrare
867 1929 982 2011 studet,
1005 1939 1059 1994 aut
1081 1929 1122 1994 ad
1144 1930 1205 1994 alia
1227 1930 1310 1994 eius·

143 2033 215 2098 dem
237 2036 360 2120 generis
384 2035 567 2120 digreditur.
613 2037 720 2123 Atque
741 2038 829 2123 prius
852 2038 1079 2123 interpretandi
1101 2060 1200 2123 genus
1223 2038 1309 2101 lucu-

142 2142 243 2206 lenter
269 2151 522 2229 repraesentatur
547 2144 724 2229 iragmento
749 2148 789 2209 17
814 2144 960 2229 (Duebn.)
988 2145 1149 2211 Plutarchi
1180 2144 1310 2208 adnota-

143 2249 246 2313 tiones
269 2252 449 2315 continente
472 2250 512 2314 ad
535 2273 661 2315 versum
686 2253 747 2317 361
773 2275 832 2338 sq.:

301 2356 329 2425 εἰ
351 2354 412 2448 γάρ
435 2384 488 2425 κεν
511 2359 567 2425 καὶ
591 2359 722 2450 σμικρὸν
746 2360 808 2426 εἰτὶ
831 2365 957 2451 σμικρῷ
979 2366 1139 2428 καταθεῖο

302 2466 359 2532 καὶ
383 2463 477 2551 θαμὰ
499 2464 583 2533 τοῦτ’
609 2464 724 2555 ἔρδοις,
748 2464 829 2551 τάχα
852 2494 907 2535 κεν
932 2468 1016 2555 μέγα
1038 2467 1095 2535 καὶ
1117 2465 1155 2535 τὸ
1178 2468 1309 2555 γένοιτο,

143 2571 197 2636 ubi
228 2580 341 2657 poetae
364 2572 470 2638 verbis
495 2573 648 2658 expositis
676 2572 717 2637 ad
745 2572 990 2660 disputationem
1018 2574 1147 2640 devenit
1175 2572 1215 2638 de
1237 2597 1309 2661 pro-

143 2678 253 2744 verbio
283 2677 329 2771 μὴ
351 2677 445 2769 παρὰ
466 2682 558 2748 τοῦτο
583 2679 634 2763 (cf.
657 2704 687 2766 p.
705 2684 746 2745 15
764 2685 828 2767 sq.).
873 2681 980 2746 Etiam
1009 2682 1042 2746 in
1071 2682 1181 2768 fragm.
1206 2685 1245 2747 37
1270 2682 1310 2747 ab

142 2784 278 2850 Hesiodi
301 2795 469 2872 praecepto
493 2787 636 2874 speciah:

300 2895 383 2987 μηδὲ
406 2892 583 2985 κασιγνήτῳ
606 2890 677 2963 ἶσον
701 2902 875 2964 ποιεῖσθαι
899 2895 1023 2987 ἑταῖρον

141 2999 303 3087 proiectus
331 3000 472 3087 pluribus
501 3003 632 3088 exponit
658 3003 959 3089 consanguineorum
983 3006 1148 3068 societates
1171 3005 1309 3091 potiores

142 3130 213 3172 esse
243 3109 288 3172 eis
318 3131 397 3194 quae
427 3111 509 3173 inter
538 3109 657 3174 alienos
687 3110 828 3175 homines
859 3112 1020 3176 exsistant.
1070 3093 1167 3189 Quod
1197 3112 1310 3198 quibus

142 3216 294 3301 exemplis
322 3215 495 3281 illustratur
517 3217 660 3281 Panaetii
688 3227 721 3282 et
747 3218 830 3303 regis
858 3217 1019 3283 cuiusdam
1046 3218 1311 3284 lacedaemonio-

141 3328 245 3403 661113,
268 3345 306 3387 ea
328 3323 368 3387 ad
384 3346 511 3389 versum
526 3324 664 3389 Hesiodi
686 3325 954 3412 interpretandum
977 3326 1054 3390 nihil
1072 3327 1193 3391 faciunt
1200 3352 1209 3409 3
1232 3349 1311 3413 quae

250 3485 260 3515 ¹
279 3485 356 3556 Clp.
367 3487 409 3540 23.
428 3485 557 3540 Ridicula
570 3491 647 3540 sunt:
666 3486 751 3541 ε’κεῖνο
761 3487 785 3540 δ’
793 3487 845 3557 ἄρα
858 3487 887 3540 τὸ
902 3488 1014 3542 ἄπεπτον
1028 3489 1064 3547 εἰς
1074 3488 1102 3541 τὸ
1120 3489 1194 3542 κάτω
1205 3489 1311 3560 φέρεται

142 3573 190 3628 καὶ
208 3575 278 3628 οὕτω
298 3574 331 3644 δὴ
349 3575 458 3644 παχύνει
477 3575 537 3635 τοὺς
554 3578 646 3642 πόδας,
665 3583 693 3631 et
1103 3650 1105 3655 ,

250 3664 307 3718 ²in
326 3663 409 3720 schol.
429 3663 465 3719 ad
483 3681 508 3721 v.
528 3667 592 3721 751:
618 3667 664 3720 καὶ
689 3675 742 3726 τοῖς
765 3667 801 3727 εἰς
824 3666 902 3722 αὐτὸν
921 3667 985 3738 ἀέρα
1003 3669 1110 3722 εἰσιοῦσι
1130 3710 1136 3722 .
1157 3709 1163 3723 .
1184 3710 1189 3721 .
1209 3668 1309 3739 ἀνάγκη

141 3754 242 3809 τούτων
260 3754 400 3810 ἀπολαύειν
419 3755 485 3825 (scil.
504 3763 557 3809 τῶν
575 3756 744 3828 ἄπορροιῶν).

251 3845 261 3874 ²³
278 3845 331 3898 Καὶ
350 3845 440 3914 ὀρθῶς
459 3846 628 3906 ὁΠαναίτιος
646 3848 752 3916 πολίτην
771 3847 849 3902 αὐτὸν
865 3847 1022 3917 Ἀθηναίων
1035 3849 1166 3903 ποιεῖσθαι
1185 3851 1310 3904 σπευδόν-

70 3982 75 3989 .
141 3952 195 3989 των
219 3933 289 3988 εᾶιεν
311 3943 349 4003 τῷ
373 3935 493 4005 σώφρονι
515 3937 578 4003 μίαν
595 3938 670 3990 πόλιν
688 3938 786 4006 ἀρκεῖν.
813 3938 859 3992 καὶ
884 3940 899 3991 ὁ
924 3945 977 3992 τῶν
995 3940 1167 4008 Σπαρτιατῶν
1189 3941 1311 4010 βασιλεὺς

140 4024 207 4094 πρὸς
226 4024 270 4079 τὸν
285 4025 414 4095 Ἀρκάδα
428 4025 472 4079 τὸν
490 4026 563 4088 ξένον
588 4028 692 4081 εἰπόντα
710 4028 775 4097 πρὸς
794 4028 872 4083 αὐτὸν
886 4031 924 4081 ὅτι
943 4030 1096 4098 φιλολάκων
1110 4032 1178 4084 οἴκοι
1197 4033 1311 4097 καλοῖτο,

138 4115 258 4172 εκοίλλιόν
276 4115 337 4183 τοτ’,
356 4115 434 4183 εἶπεν,
450 4117 487 4169 εεἰ
504 4117 638 4187 φιλόπολις
657 4118 753 4172 ἐκαλοῦ
771 4121 869 4189 μᾶλλον
887 4119 904 4191 ἢ
923 4120 1098 4189 φιλολάκων’.

1116 4212 1151 4273 5.
