3146 4832
279 481 511 548 Schoemannus
533 482 659 569 quidem
682 506 745 550 non
768 485 812 549 ita
834 484 967 551 fidenter
988 482 1156 551 haecdicit
1178 491 1218 573 (p.
1235 490 1301 570 51):
1326 484 1441 550 ‘Inter-

278 588 423 674 pretandi
455 589 538 654 viam
569 613 632 655 non
664 591 755 655 aliam
787 614 856 657 esse
889 592 982 657 video
1023 593 1084 657 nisi
1116 601 1151 657 ut
1182 593 1260 657 illud
1289 593 1442 662 ἰσοῦσθαι

279 695 396 776 νόκτας
417 723 453 764 τε
476 698 532 765 καὶ
554 691 661 787 ῆματα
689 697 905 763 alimentorum
935 707 1057 764 tantum
1084 708 1226 786 respectu
1255 700 1373 764 dictum
1396 701 1442 764 in·

280 803 472 889 tellegamus,
499 803 528 867 h.
552 826 579 868 e.
602 804 648 868 sic
671 813 779 869 noctes
802 815 835 869 et
857 805 925 871 dies
948 806 1030 870 inter
1057 829 1091 871 se
1114 806 1291 892 aequandas
1314 830 1385 872 esse
1408 815 1444 871 ut
1548 780 1561 854 ί

276 910 479 995 proportione
509 932 627 996 aequus
654 912 778 996 utrique
806 920 839 976 et
866 915 1057 978 conveniens
1084 913 1302 978 alimentorum
1329 913 1442 978 modus

277 1017 439 1080 tribuatur.
484 1017 574 1084 Haec
596 1021 758 1104 proportio
781 1019 881 1105 qualis
905 1020 955 1084 sit.
970 1043 1008 1084 ex
1031 1020 1146 1086 laboris
1170 1030 1202 1085 et
1219 1021 1335 1106 quietis
1357 1043 1443 1084 com-

277 1125 438 1209 paratione
467 1123 677 1209 colligendum
706 1118 784 1190 erit’.
837 1126 889 1189 Ex
916 1126 1030 1211 quibus
1058 1127 1085 1191 si
1113 1120 1259 1212 ‘utrique'
1283 1137 1368 1192 recte
1401 1127 1442 1192 ad
1548 1123 1556 1140 ⁴

277 1225 357 1294 ‘dies
381 1239 414 1295 et
436 1225 554 1296 noctes'
577 1231 752 1312 referimus,
774 1256 836 1297 non
853 1231 997 1298 videmus
1020 1236 1074 1319 qui
1096 1234 1163 1298 fieri
1186 1235 1288 1319 possit
1305 1242 1342 1297 ut
1356 1235 1442 1298 nocti

279 1338 425 1402 alimenta
448 1339 631 1403 tribuantur.
668 1339 770 1405 Nobis
794 1339 921 1425 quidem
942 1340 993 1404 hic
1008 1363 1128 1421 versus,
1150 1343 1204 1427 qui
1226 1341 1287 1404 nisi
1305 1363 1363 1427 per
1379 1342 1442 1406 vim

279 1445 426 1530 explicari
457 1468 521 1510 non
552 1453 667 1532 potest,
690 1446 782 1511 valde
810 1456 975 1533 suspectus
1003 1457 1060 1514 est
1104 1447 1216 1533 Itaque
1239 1447 1443 1512 Plutarchum
1560 1508 1561 1513 ,

277 1551 335 1616 hos
358 1551 485 1637 quidem
501 1576 611 1617 versus
634 1575 696 1617 non
721 1553 788 1617 sine
810 1576 906 1618 causa
928 1556 1051 1640 spurios
1070 1555 1233 1641 putavisse
1248 1555 1443 1621 arbitramur.
1560 1610 1561 1613 η

382 1658 507 1726 Versus
531 1662 704 1725 ooo—662
729 1659 887 1744 (Goettl.):

436 1762 474 1834 οὐ
497 1764 556 1856 γὰρ
579 1766 721 1835 πιόποτε
744 1766 796 1860 νηί
818 1762 844 1856 γ’
863 1769 1018 1836 ἐπίπλων
1041 1767 1134 1857 εὐρέα
1157 1768 1286 1853 πόντον,

434 1872 464 1941 εἰ
485 1873 530 1963 μῆ
554 1875 586 1954 ἐς
609 1868 748 1960 Ε”όβοιαν
771 1875 806 1957 ἐξ
826 1871 979 1958 Αὐλίδος,
1003 1865 1024 1966 ᾗ
1046 1869 1124 1943 ποτ’.
1147 1872 1273 1959 Ἀχαιοί

433 1978 597 2066 μείναντες
618 1984 759 2065 χειμῶνα
781 1981 887 2049 πολὺν
909 1982 968 2050 σὺν
991 1983 1069 2050 λαόν
1092 1974 1220 2073 δίγειραν

430 2084 577 2167 Ἑλλάδος
598 2086 633 2168 ἐξ
654 2086 740 2178 ίερῆς
766 2087 881 2179 Τροίην
904 2090 937 2169 ἐς
959 2088 1199 2177 καλλιγύναικα.

434 2193 518 2261 ἔνθα
540 2187 570 2260 δ
587 2192 665 2281 ἐγών
689 2187 742 2262 ἐπ’
767 2189 874 2262 trata
897 2195 1069 2286 δαίφρονος
1089 2190 1356 2288 Ἀμφιδάμαντος

433 2299 585 2369 Χαλκίδα
603 2297 630 2368 τ’
649 2300 720 2381 εἰς1
743 2302 907 2396 ἐπέρησα·
922 2302 964 2370 τὰ
979 2305 1015 2371 δέ
1029 2305 1316 2395 προπεφραδμένα
1333 2306 1444 2373 πολλὰ

433 2398 508 2475 δδλ
535 2407 657 2476 ἔθεσαν
679 2412 797 2490 παῖδες
819 2407 1047 2501 μεγαλήτορες·
1071 2409 1154 2478 ἔνθα
1176 2411 1218 2497 με’
1239 2437 1325 2503 φημι

434 2512 521 2603 λίμνην
544 2513 714 2605 νικήσαντα
738 2516 847 2606 φέρειν
869 2514 1001 2604 τρίποδ’
1027 2512 1181 2585 ὠτώεντα.

431 2619 568 2707 τὸνμὲν
591 2621 652 2708 ἐγώ
676 2621 825 2704 Μούσαις
846 2617 1096 2692 ‘alawicum’
1121 2618 1269 2718 ἀνέθηκα

433 2727 516 2795 ἔνθα
538 2728 638 2814 μετὰ
662 2735 793 2817 πρῶτον
816 2733 942 2820 λιγυρῆς
965 2732 1128 2824 ἐπέβησαν
1152 2730 1272 2821 ἀοιδῆς.

432 2834 545 2903 τόσσον
566 2862 616 2903 τοι
639 2841 722 2926 νηῶν
743 2862 779 2924 γε
802 2835 1005 2930 πεπείρημαι
1028 2835 1264 2929 πολυγόμφων·

432 2937 515 3009 ἀλλὰ
538 2943 594 3009 καί
617 2935 661 3022 ὣς
683 2942 762 3030 ἐρέω
785 2941 889 3036 Ζηνδς
910 2942 983 3012 νόον
1005 2942 1177 3032 αἰγιόχοιο·

432 3038 568 3117 Mollem
590 3048 649 3137 γάρ
671 3044 704 3134 μ’
731 3047 879 3130 ἐδίδαξαν
901 3043 1091 3141 ἀθέσφατον
1113 3048 1210 3137 δμνον
1233 3047 1358 3121 ἀείδειν

274 3156 461 3220 Plutarchus
494 3154 627 3236 delevit,
659 3157 776 3242 quippe
808 3157 862 3241 qni
890 3157 1006 3220 nullam
1038 3157 1205 3222 utilitatem
1232 3158 1443 3225 haberentet

273 3263 426 3348 nugatorii
449 3270 563 3342 essent,
595 3262 690 3347 idque
714 3262 887 3326 ίαδίοἱιιια2
909 3264 974 3328 fere
999 3264 1142 3329 omnibus
1164 3265 1338 3331 editoribus
1355 3269 1441 3332 criti-

273 3371 379 3455 cisque
402 3370 520 3455 placuit
547 3377 678 3455 excepto
706 3392 769 3434 uno
796 3369 1005 3435 Kirchhoffio.
1055 3371 1151 3435 Hunc
1180 3395 1238 3437 nos
1261 3376 1352 3459 sequi
1375 3398 1441 3439 ma-

272 3477 383 3541 lumus.
420 3476 504 3540 Nam
525 3476 559 3539 in
582 3498 619 3540 ea
639 3499 674 3541 re
696 3476 781 3561 quod
804 3486 906 3563 poeta,
929 3477 1072 3563 quamvis
1095 3501 1129 3543 se
1152 3501 1215 3543 non
1238 3482 1375 3565 peritum
1394 3484 1439 3546 rei
1557 3490 1561 3507 ⁴

272 3583 392 3649 navalis
416 3604 485 3648 esse
508 3582 653 3663 fateatur,
680 3591 783 3648 tamen
811 3584 938 3649 fratrem
961 3606 995 3649 se
1019 3585 1096 3649 dicit
1123 3584 1162 3651 de
1186 3608 1224 3651 ea
1245 3609 1279 3651 re
1303 3587 1439 3654 edocere

379 3781 389 3810 ¹
415 3780 462 3834 Ita
485 3779 631 3835 manifesto
656 3780 830 3836 scribendum
855 3786 895 3835 est
924 3799 974 3852 pro
998 3783 1161 3852 εἰσεπέρησα.
1203 3783 1246 3838 uf.
1266 3783 1369 3852 Steitz,
1394 3785 1439 3841 dio

271 3869 373 3927 Werke
391 3869 450 3923 und
467 3869 541 3941 Tage
559 3869 608 3924 des
626 3870 764 3925 Hesiodos
782 3888 809 3940 p.
830 3872 888 3925 160.

379 3958 472 4013 2Vid.
491 3960 579 4014 Procl.
599 3958 634 4014 ad
653 3960 753 4014 V·648:
772 3967 851 4013 ταῦτα
868 3959 951 4013 πάντα
969 3960 1028 4029 περὶ
1046 3969 1091 4030 τῆς
1109 3962 1252 4026 Χαλκίδος,
1271 3970 1318 4016 τοῦ
1333 3963 1437 4033 Ἀμφι-

271 4050 400 4116 δάμαντος
418 4048 464 4102 καί
482 4056 527 4102 τοῦ
546 4049 630 4103 δόλου
649 4049 695 4103 καὶ
718 4056 763 4104 τοῦ
787 4050 907 4117 τρίποδος
929 4050 1111 4123 ἐμβεβλῆσδαί
1131 4072 1212 4125 φησιν
1230 4052 1246 4104 ὁ
1263 4053 1438 4127 Πλούταρχος

270 4137 347 4193 οὐδὲν
365 4138 456 4208 ἔχοντα
474 4140 595 4215 χρηστόν.
