3146 4832
267 1600 345 1766 Ut
359 1694 518 1758 Homerus
541 1694 602 1758 iam
625 1697 658 1758 in
681 1696 865 1780 antiquitate
888 1702 1019 1759 nanctus
1043 1702 1092 1760 est
1114 1695 1168 1780 qui
1188 1695 1334 1781 operibus

173 1812 241 1875 eius
262 1833 390 1896 operam
412 1817 564 1876 navarent
586 1814 618 1875 et
640 1810 880 1896 interpretandis
904 1819 937 1875 et
959 1809 1176 1891 emendandis,
1199 1811 1244 1875 sic
1266 1811 1335 1875 He-

172 1916 281 1982 siodus
304 1940 428 2002 quoque
451 1939 525 1982 suos
548 1907 581 1981 in
603 1917 657 1992 illa
679 1923 780 1982 aetate
803 1918 989 2003 interpretes
1008 1926 1041 1982 et
1060 1919 1184 1983 criticos
1204 1918 1334 1998 invenit,

171 2024 285 2110 partim
308 2023 435 2089 eosdem
459 2048 530 2102 cum
552 2025 616 2105 illo,
638 2025 752 2110 partim
768 2024 845 2088 alios
861 2047 961 2110 neque
978 2047 1032 2089 eos
1049 2024 1229 2090 deteriores.
1268 2025 1333 2103 Qui

172 2131 257 2195 enim
271 2131 331 2196 viri
354 2131 555 2196 illustrissimi
570 2130 780 2196 Alexandriae
804 2132 902 2196 vitam
923 2133 1020 2197 musis
1044 2130 1181 2196 deditam
1200 2131 1335 2217 agebant

171 2238 239 2302 fere
268 2261 374 2302 omnes
402 2239 600 2302 contulerunt
626 2237 743 2324 aliquid
770 2238 810 2303 ad
837 2238 974 2303 Hesiodi
1001 2261 1096 2325 opera
1122 2238 1333 2325 perpolienda.

140 2423 142 2427 y
170 2345 220 2408 Ac
242 2353 366 2430 praeter
394 2344 602 2426 Zenodotum,
630 2345 875 2431 Aristophanem
900 2346 1102 2431 Byzantium,
1129 2346 1334 2432 Apollonium

170 2450 554 2530 RhodiumAristarchus
582 2475 706 2538 quoque
733 2453 891 2538 ingenium
919 2454 1059 2516 exercuit
1084 2455 1117 2516 in
1145 2453 1333 2518 carminibus

98 2539 101 2545 ’
170 2566 282 2644 poetae
305 2557 507 2633 emendandis
532 2567 659 2645 etpost
681 2582 752 2624 eum
775 2558 933 2637 Seleucus,
956 2560 1164 2640 Aristonicus,
1186 2560 1239 2623 alii
1254 2582 1333 2645 quos

114 2650 116 2653 ⁵
169 2667 329 2730 nominare
358 2666 409 2730 hic
438 2667 515 2730 nihil
545 2669 665 2731 attinet.
711 2665 776 2731 Sed
798 2666 838 2731 de
869 2667 1015 2753 operibus
1045 2667 1084 2732 ab
1111 2667 1160 2731 his
1188 2668 1264 2732 viris
1293 2666 1332 2731 de

168 2772 313 2837 Hesiodo
337 2774 520 2860 compositis
542 2773 643 2838 frusta
664 2782 787 2838 tantum
809 2773 978 2839 dolendum
1001 2782 1051 2839 est
1069 2780 1204 2839 aetatem
1223 2774 1333 2839 tulisse

169 2881 386 2961 minutissima,
409 2879 492 2945 unde
515 2881 555 2946 de
579 2865 720 2960 veterum
743 2882 999 2967 interpretatione
1014 2881 1151 2950 Hesiodi
1173 2891 1206 2946 et
1228 2904 1333 2947 emen-

118 3017 123 3027 ·
169 2985 295 3052 datione
322 3011 385 3052 non
413 2989 544 3052 multum
567 2991 769 3075 percipiatur3
797 2988 930 3075 ideoque
957 2989 1056 3074 magis
1084 2988 1175 3053 nobis
1198 2990 1333 3075 gratula-

169 3094 284 3175 bimur,
313 3094 399 3180 quod
427 3118 509 3160 unus
538 3118 630 3181 quem
658 3119 697 3160 ne
725 3096 758 3159 in
784 3095 844 3159 hoc
872 3095 1005 3182 quidem·
1024 3094 1198 3160 litterarum
1219 3119 1332 3182 genere

169 3202 260 3287 parvi
290 3203 503 3267 aestimaveris
531 3203 581 3268 vir
609 3205 803 3289 antiquitatis
833 3202 1009 3289 praeclarus
1037 3203 1139 3288 qualia
1168 3203 1273 3284 studia
1299 3205 1332 3268 in

169 3307 313 3374 Hesiodo
341 3310 540 3374 collocaverit
568 3333 606 3374 ex
632 3310 771 3396 reliquiis
799 3310 875 3374 satis
903 3310 1014 3396 amplis
1041 3332 1229 3395 cognoscere
1258 3311 1334 3376 licet

168 3415 414 3481 luculentissime
425 3408 434 3484 ;Ι
455 3417 658 3482 Plutarchum
681 3417 813 3482 dicimus
837 3416 1098 3482 Chaeronensem.

263 3523 435 3588 Plutarchi
457 3525 553 3610 igitur
575 3524 680 3589 studia
701 3524 864 3589 Hesiodea
887 3523 928 3588 ad
950 3547 1029 3610 quae
1053 3533 1165 3612 poetae
1195 3528 1333 3590 carmina

167 3631 376 3717 pertinuerint
410 3634 545 3718 primum
581 3632 742 3718 explorare
775 3632 995 3718 quaerentibus
1034 3633 1124 3698 nobis
1157 3633 1331 3698 sententiae

167 3745 252 3803 recte
279 3738 428 3803 ferendae
457 3762 564 3804 ausam
592 3739 805 3826 suppeditabit
836 3762 982 3805 uumerus
1010 3763 1159 3806 versuum
1185 3764 1264 3826 quos
1292 3763 1332 3805 ex

167 3853 300 3931 utroque
323 3846 458 3911 carmine
474 3847 661 3911 Plutarchus
684 3848 717 3911 in
740 3847 865 3933 scriptis
889 3848 954 3911 suis
978 3847 1092 3912 alicubi
1108 3847 1220 3911 attulit.
1258 3848 1332 3926 Qua

167 3954 201 4016 in
223 3975 257 4017 re
274 3953 300 4017 si
316 3954 475 4018 nominum
498 3953 593 4018 indici
611 3954 740 4019 editioni
755 3954 945 4019 Didotianae
968 3955 1001 4018 in
1016 3955 1076 4019 fine
1099 3954 1223 4020 adiecto
1238 3954 1332 4020 fidem

167 4060 282 4125 habere
304 4060 390 4142 licet,
412 4061 598 4126 Plutarchus
621 4084 746 4127 carmen
769 4084 865 4147 opera
887 4070 919 4127 et
941 4060 1009 4126 dies
1032 4062 1217 4149 inscriptum
1240 4063 1330 4149 quin-
