3146 4832
346 435 418 509 ταῖς
438 428 638 520 τραπέζαις·
662 430 700 496 ἐκ
726 430 763 497 δὲ
789 433 845 520 τῆς
872 426 1013 524 οἰνοχόης
1040 426 1206 521 ἀρυόμενοι
1234 429 1347 498 ἔπινον
1377 429 1407 497 oi
1435 456 1495 498 ουν-

346 539 554 618 δειπνοῖυτες.
587 532 660 626 μήτ’
695 528 749 603 οἷν
780 536 817 604 τδ
849 537 945 627 μέρος
975 536 1117 623 νομίζειν
1150 541 1206 605 τού
1234 532 1308 605 ὅλου
1335 535 1497 626 ὑπέρτερον

343 639 423 734 μύγιε
445 642 483 711 τὸ
506 640 589 711 ἴδιον
611 645 668 710 τού
689 649 798 711 κοινοῦ
821 643 1075 732 προτιμότερον·
1098 644 1243 735 χαλεπὴν
1265 644 1324 733 γὰρ
1348 638 1426 712 εἶναι
1450 642 1498 735 την

345 745 398 816 ἐπ’
424 746 508 839 αύτῷ
530 756 646 840 μοῖραν
670 746 714 830 ῶς
741 748 903 844 ἑπομένην
930 749 1031 835 ἔχοντι
1059 749 1176 842 ποινὴν
1206 750 1275 819 ἀπὸ
1298 754 1354 819 τοῦ
1377 749 1497 834 παντός,

345 856 378 923 ἐν
410 842 436 946 ᾧ
467 854 507 923 τὰ
539 854 599 924 ὅλα
629 860 693 924 τῶν
719 862 824 948 μερῶν
850 857 959 925 ἐθέλει
987 864 1118 948 κρατεῖν.
1171 856 1267 922 Dicta
1295 866 1401 922 autem
1429 879 1498 942 quae

344 962 397 1027 hio
435 971 655 1028 enumerantur
690 964 889 1049 Pythagorea
924 986 942 1028 a
976 964 1146 1029 Plutarcho
1183 964 1304 1050 prolata
1336 987 1407 1030 esse
1441 965 1496 1028 veri

346 1078 395 1134 est
417 1070 621 1151 simillimum;
654 1093 724 1135 nam
749 1070 874 1157 saepius
898 1071 1109 1157 symbolorum
1134 1071 1402 1158 Pythagoreorum
1422 1094 1497 1135 men-

345 1177 463 1242 tionem
490 1176 590 1258 inicit,
622 1172 709 1242 velut
740 1177 817 1242 dicit
844 1180 876 1242 in
908 1186 1027 1264 quaest
1054 1200 1130 1243 rom.
1158 1200 1224 1265 cap.
1254 1181 1312 1244 72:
1353 1176 1496 1262 καθάπερ

345 1283 375 1352 oi
400 1286 626 1373 Πυθαγορικοὶ
653 1282 753 1374 μικρὰ
778 1282 923 1372 μεγάλων
949 1286 1118 1354 ἐποιοῦντο
1146 1285 1303 1373 σύμβολα,
1336 1285 1497 1363 κωλύοντες

346 1391 406 1459 ἐπὶ
427 1391 567 1476 χοίνικος
594 1398 768 1483 καθῆσθαι
799 1393 946 1484 καὶπῦρ
973 1392 1116 1483 μαχαίρᾳ
1137 1390 1182 1483 μὴ
1206 1391 1381 1477 σκαλεύειν,
1411 1386 1496 1470 ούτως

345 1497 375 1566 οἱ
411 1500 552 1568 παλαιοί
587 1501 724 1580 πολλοῖς
760 1498 943 1587 αἰνίγμασιν
985 1501 1120 1590 ἐχρῶντο
1157 1507 1189 1564 et
1221 1498 1261 1563 de
1293 1499 1337 1564 Is.
1365 1508 1399 1564 et
1424 1497 1494 1562 Osir.

346 1628 413 1692 cap.
444 1608 504 1671 10:
541 1612 606 1673 τῶν
636 1603 696 1694 γὰρ
728 1606 931 1692 καλουμένων
962 1606 1155 1698 γραμμάτων
1185 1612 1249 1675 τῶν
1279 1606 1493 1697 ἱερογλυφικῶν

345 1706 439 1781 οὐδέν
463 1706 644 1782 ἀπολείπει
670 1710 712 1780 τύ
739 1711 848 1781 πολλὰ
875 1720 937 1782 τῶν
959 1719 1198 1803 Πυθαγορικῶν
1225 1712 1490 1805 παραγγελμάτων,

346 1814 414 1888 οἷόν
437 1821 505 1888 ἐστι
526 1818 624 1911 τὸμὴ
647 1819 771 1888 ἐσθίειν
786 1821 845 1888 ἐπὶ
866 1819 981 1912 δίφρου
1003 1814 1079 1912 μηδ)
1095 1823 1153 1889 ἐπὶ
1174 1820 1311 1905 χοίνικος
1336 1823 1489 1910 καθῆσθαι

343 1928 426 2018 μηδὲ
449 1925 582 2018 φοίνικα
605 1927 754 2018 φυτεύειν
776 1929 859 2018 μηδέ
874 1931 944 2018 πῦρ
967 1926 1107 2019 μαχαίρη
1123 1925 1287 1997 σκαλεύειν
1302 1929 1336 1996 ἐν
1358 1934 1398 2018 τῇ
1412 1922 1486 2010 οἰκίᾳ.

344 2034 455 2120 Neque
484 2032 562 2097 illud
591 2033 683 2098 nobis
712 2033 940 2099 dubitationem
968 2043 1076 2099 movet
1104 2034 1189 2120 quod
1216 2036 1247 2099 in
1276 2044 1398 2120 quaest
1419 2050 1483 2096 conv.

345 2140 435 2209 VIII
452 2143 481 2221 7,
497 2145 516 2204 2
539 2139 726 2205 Plutarchus
741 2138 971 2226 quodammodo
987 2141 1094 2205 reicit¹
1117 2142 1408 2229 interpretationem
1428 2153 1476 2223 qut

345 2255 394 2311 est
415 2249 448 2311 in
463 2247 582 2312 scholio
597 2248 757 2333 praecepti
779 2248 925 2332 χελιδόνα
939 2245 985 2339 μὴ
1001 2247 1217 2332 εἰσδέχεσθαι,
1241 2272 1302 2334 qua
1317 2260 1355 2314 ut
1369 2241 1477 2334 garulu

344 2376 502 2419 arceamus
534 2377 553 2418 a
579 2355 669 2420 nobis
702 2354 826 2419 suaderi
857 2354 980 2420 dicitur.
1002 2440 1003 2444 ρ
1026 2354 1158 2442 Saepius
1191 2358 1274 2420 enirn
1305 2351 1482 2421 Plutarchum

345 2462 405 2526 sibi
432 2484 494 2526 non
526 2462 705 2527 constitisse
737 2464 771 2526 in
801 2461 1036 2548 interpretando
1068 2461 1151 2526 infra
1182 2462 1371 2529 videbimus.
1421 2453 1484 2522 Dein

320 2584 423 2655 'quae
446 2569 594 2654 cogitatio
627 2568 758 2655 physica
789 2569 821 2633 iu
850 2577 989 2634 extremo
1017 2562 1135 2634 scholio
1158 2570 1380 2656 pronuntiatur
1408 2561 1486 2644 ἐντῷ
1523 2594 1524 2639 ι

342 2677 443 2744 παντί
465 2675 505 2743 aci
529 2670 588 2744 όλα
610 2679 674 2743 τῶν
696 2679 803 2764 μερῶν
825 2683 966 2767 κρατεῖν,
999 2698 1037 2739 ea
1067 2698 1174 2741 rursus
1206 2679 1345 2742 occurrit
1375 2674 1413 2738 de
1440 2662 1487 2731 def.
1523 2674 1524 2681 ’

344 2805 424 2847 orac.
440 2804 506 2869 cap.
522 2785 574 2863 27,
596 2782 650 2848 ubi
665 2783 792 2867 legitur:
816 2784 872 2851 καὶ
894 2781 953 2872 γὰρ
971 2837 1002 2850 ..
1028 2783 1146 2864 ἐκεῖνος
1158 2778 1289 2864 ,ίίτοττος
1312 2783 1402 2853 ἔσται
1423 2770 1486 2863 dyo·

341 2893 471 2974 νακτῶν,
495 2888 524 2958 εἰ
539 2888 579 2957 τὰ
595 2884 653 2957 όλα
675 2895 742 2969 τοῖς
764 2883 869 2957 αύτῶν
890 2891 1000 2979 μέρεσι
1014 2893 1134 2980 χρῆται.
1177 2890 1268 2955 Haec
1284 2889 1348 2957 duo
1364 2885 1486 2955 sufficere

341 3005 487 3082 putamus
510 2996 550 3061 ad
572 2995 847 3061 demonstrandam
870 2998 1021 3083 originem
1044 2996 1153 3062 scholii
1176 2997 1402 3063 Plutaroheam.

447 3102 650 3169 Gaisfordius
672 3102 787 3168 deiude
802 3103 1045 3169 Lacedaemonii
1068 3104 1186 3169 dictum
1208 3104 1293 3190 quod
1317 3105 1357 3170 ad
1380 3110 1485 3166 versum

339 3213 404 3276 ιω
428 3209 570 3294 (σεεμ

499 3317 620 3410 ῥηίδιον
643 3316 702 3408 γὰρ
725 3316 807 3400 ἔπος
829 3316 957 3387 εἰπεῖν·
978 3311 1035 3406 βόε
1057 3316 1112 3400 δός
1134 3319 1190 3388 καὶ
1213 3310 1339 3404 ίίμαξαν

342 3423 534 3510 adscriptum
556 3424 685 3510 legitur:
709 3416 800 3494 ὃκαὶ
816 3420 833 3494 ὁ
849 3425 974 3493 Λιίκων
996 3424 1051 3516 τὴν
1074 3432 1170 3517 κυνῆν
1193 3425 1378 3511 αἰτούμενος
1398 3414 1482 3487 εἰπεῖν

339 3532 465 3619 λέγεται
487 3528 571 3622 πρὸς
585 3529 639 3600 τόν
654 3530 822 3601 αἰτοῦντα·
837 3526 876 3600 ‘ei
891 3532 952 3618 μὲν
967 3525 1069 3616 εύδία,
1094 3530 1183 3601 ἔσται
1200 3532 1256 3601 καί
1271 3558 1323 3600 σοι
1340 3526 1476 3631 όίχρησῖθξΙ

338 3637 366 3706 εί
389 3640 425 3705 δέ
447 3637 573 3724 χειμών,
598 3639 654 3707 καί
676 3637 748 3725 ἐμοὶ
770 3632 935 3731 χρήσιμος)
958 3647 1042 3703 recte
1065 3640 1176 3704 statuit
1194 3639 1362 3704 Plutarcho
1385 3629 1477 3698 debtfl·

1462 3796 1468 3814 ί

446 3816 524 3870 1Καί
548 3816 596 3885 γὰρ
616 3816 639 3884 ᾦ
663 3819 737 3884 μόνῳ
761 3816 826 3874 τινὲς
849 3824 901 3870 τῶν
919 3819 1038 3871 παλαιῶν
1056 3819 1138 3885 ᾤοντο
1161 3819 1230 3871 λύειν
1250 3818 1276 3870 τό
1300 3813 1435 3885 σύμβολονι
1454 3813 1481 3851 ως

255 3948 259 3957 .
335 3905 400 3973 πρὸς
426 3904 485 3964 τούς
511 3907 650 3974 διαβόλους
675 3906 721 3958 καί
746 3907 881 3975 ψιθύρους
907 3915 960 3959 τῶν
978 3908 1104 3976 συνήβωυ
1129 3908 1273 3977 ᾐνιγμένον,
1299 3906 1359 3960 οὐδ’
1386 3882 1480 3982 adrisi

1460 3974 1482 4025 δε

335 3995 448 4053 Λεύκιος
467 3994 630 4061 ἐδοκίμαζεν
650 3997 817 4064 φιδυρισμοῦ
835 3996 883 4063 μὲν
901 3998 951 4065 γὰρ
974 4000 1069 4066 ἥκιστα
1092 3998 1205 4066 χελιδόνι
1228 3997 1340 4064 μέτεστι,
1363 3989 1445 4045 λαλιᾶς

332 4083 377 4136 καί
395 4085 563 4153 πολυφωνίας
582 4086 613 4137 οὐ
632 4087 733 4153 μᾶλλον
751 4087 769 4155 ἧ
789 4088 885 4144 κίτταις
904 4087 949 4140 καί
968 4088 1068 4154 πέρδιξι
1088 4088 1133 4140 καί
1153 4087 1322 4154 ἀλεκτορίσιν,
