3146 4832
141 428 274 495 multum
298 427 338 496 ad
361 429 579 518 depravandos
607 453 709 496 mores
732 432 837 497 valere
861 439 893 496 et
924 452 1044 496 amores
1068 428 1205 495 virorum
1229 426 1309 494 dolis

141 539 307 602 mulierum
335 548 368 603 et
397 539 516 603 artibus
547 541 699 604 excitatus
728 562 792 603 non
821 538 916 603 modo
944 561 1007 602 non
1037 537 1201 602 diuturnos
1231 560 1310 617 esse,

142 644 199 709 sed
224 647 317 709 etiam
341 646 454 709 mutari
477 668 682 710 consuescere
705 648 736 710 in
761 645 841 710 odia

248 752 317 816 Iam
342 753 368 817 si
389 752 568 838 quaerimus
591 752 750 838 quomodo
772 752 935 839 physicam
951 749 1127 838 explicandi
1149 751 1310 831 rationem,

141 881 236 944 quam
254 859 473 945 praeferebant
489 859 596 939 Stoici,
619 860 805 924 Plutarchus
821 859 1008 939 adhibuerit,
1031 860 1142 922 mirum
1160 865 1309 943 quantum

144 966 320 1031 videbimus
344 989 416 1030 eum
440 967 500 1031 sibi
518 989 581 1031 nun
597 975 749 1032 constare.
787 965 967 1052 Repudiare
984 964 1111 1050 quidem
1127 987 1195 1030 eam
1210 964 1309 1048 magis

143 1072 269 1137 videt-ur
291 1095 384 1158 quam
407 1074 560 1159 recipere3
589 1073 645 1138 sed
675 1074 817 1159 exempla
845 1096 924 1158 quae
947 1074 980 1136 in
1003 1080 1166 1157 utramque
1189 1080 1310 1158 partem

141 1181 269 1244 valeant
284 1181 494 1245 inveniuntur.
532 1181 614 1245 Nam
637 1182 764 1245 reicitur
786 1179 912 1266 quidem
935 1180 1066 1266 physica
1085 1178 1308 1265 interpretandi

143 1288 223 1351 ratio
247 1286 286 1351 de
310 1287 380 1352 aud.
396 1295 479 1373 poet.
497 1310 564 1373 cap.
580 1292 610 1367 4,
633 1288 687 1351 ubi
710 1286 750 1352 de
773 1287 889 1351 fabulis
913 1284 1034 1351 duabus
1051 1288 1161 1371 agitur,
1184 1287 1312 1350 reicitur

141 1396 175 1457 in
204 1395 385 1459 uuiversum
416 1392 455 1459 de
485 1394 528 1459 Is.
552 1403 585 1458 et
607 1394 691 1459 Osir.
714 1417 782 1480 cap.
807 1396 848 1458 66
876 1394 925 1459 his
953 1394 1074 1458 verbis:
1113 1397 1263 1481 δεῦτερον,
1292 1385 1310 1461 ὃ

140 1499 250 1587 μεῖζόν
273 1502 366 1585 ἐστιν,
390 1495 481 1583 ὅπως
504 1501 628 1592 σφόδρα
656 1504 849 1589 προσέξουσι
877 1502 932 1569 καί
961 1497 1159 1591 φοβήσονται
1182 1498 1227 1585 μδ
1251 1497 1309 1566 λό-

142 1616 251 1675 θωσιν
274 1608 321 1689 εἰς
343 1606 516 1694 πνεόματα
539 1610 595 1675 καί
618 1606 756 1697 ῥεόματα
780 1610 836 1676 καί
860 1607 999 1697 σπόρους
1022 1608 1077 1674 καί
1101 1600 1232 1695 ἀρότους
1254 1608 1309 1674 καί

142 1714 242 1808 πάθη
266 1721 321 1806 γῆς
343 1717 398 1783 καὶ
421 1713 603 1802 μεταβολὰς
626 1710 716 1804 ὡρῶν
739 1715 968 1806 διαγράφοντες
990 1713 1031 1781 τὰ
1053 1722 1133 1819 θεῖρι
1156 1715 1212 1781 καί
1236 1717 1309 1781 δια-

142 1822 277 1905 λύοντες,
302 1817 413 1911 ὥσπερ
437 1822 465 1890 οὶ
484 1823 640 1892 Διόνυσον
661 1824 717 1891 τὸν
740 1818 836 1907 οἶνον,
854 1817 1038 1912 Ἥφαιστον
1060 1823 1096 1889 δέ
1119 1821 1177 1911 τήν
1195 1819 1309 1911 φλόγα.

146 1928 347 2020 Φερσεφόνην
370 1931 408 1997 δέ
431 1929 511 2021 φησί
539 1956 606 1996 που
629 1927 801 2023 Κλεάνθης
827 1927 862 1996 τδ
886 1929 941 1996 διὰ
963 1935 1027 1995 τῶν
1050 1932 1187 2016 καρπῶν
1211 1927 1309 2018 φερό-

140 2062 240 2121 μενον
262 2037 318 2103 καὶ
347 2036 559 2127 φονευόμενου
587 2040 722 2122 πνεῦμα.
747 2034 886 2129 ποιητής
913 2036 950 2102 δέ
973 2063 1023 2116 τις
1045 2034 1105 2102 ἐπὶ
1127 2041 1192 2102 τῶν
1214 2042 1309 2123 θερι-

142 2136 304 2226 ζόντων·’

301 2253 399 2337 τῆμος
422 2243 467 2317 ὅτ’
491 2249 599 2341 αἰζηοὶ
625 2248 795 2344 Δημήτερα
817 2254 1068 2334 κωλοτομεῦσιν·

141 2350 233 2424 οόδὲν
259 2354 319 2445 γάρ
343 2346 428 2424 οὗτοι
451 2357 638 2447 διαφέρουσι
662 2363 725 2424 τῶν
748 2357 837 2425 ίστία
866 2358 922 2424 καὶ
954 2355 1061 2437 κάλως
1091 2358 1147 2423 καί
1171 2347 1311 2445 ἀγκυραν

142 2458 326 2554 ἡγουμένων
356 2457 547 2556 κυβερνήτην
580 2465 636 2531 καὶ
668 2465 794 2554 νήματα
828 2465 884 2531 καλ
922 2462 1041 2551 κρόκας
1077 2457 1219 2557 ίφάντην
1254 2465 1310 2530 καί

145 2574 317 2638 σπονδεῖον
347 2563 367 2660 ή
399 2570 588 2658 μελίκρατον
619 2564 818 2664 ἢπτιοόνην
840 2570 973 2659 ἰατρόν·
1006 2563 1089 2637 ἀλλά
1117 2570 1225 2650 δεινὰς
1254 2572 1309 2638 καί

144 2672 262 2758 ἀθέους
289 2678 461 2762 ἐμποιοῦσι
485 2677 580 2761 δόξας
603 2670 814 2767 ἀναισθήτοις
843 2679 899 2745 καὶ
927 2673 1068 2765 ἀφόχοις
1090 2679 1147 2744 καί
1170 2685 1309 2768 φθειρο-

139 2785 255 2869 μέναις
270 2780 454 2871 ἀναγκαίως
469 2781 526 2853 ὑπ’
552 2778 743 2873 ἀνθρώπων
758 2785 914 2870 δεομένων
938 2786 993 2852 καὶ
1011 2785 1180 2872 χρωμένων
1196 2783 1309 2874 φόσεοι

139 2892 197 2958 καί
221 2890 410 2979 πράγμασιν
426 2888 569 2976 ὀνόματα
584 2898 671 2959 θεῶν
694 2892 914 2982 ἐπιφέροντες.
938 2897 1041 2959 ταῦτα
1063 2892 1124 2977 μέν
1147 2891 1206 2979 γὰρ
1229 2887 1310 2958 αίτά

140 3003 254 3089 νοῆσαι
277 2996 374 3078 θεοὺς
390 2995 448 3083 οὐκ
471 2997 567 3066 ἔστιν.
607 2998 726 3063 Contra
747 3000 779 3062 in
802 2999 910 3083 fragm.
926 2998 966 3062 de
982 2998 1083 3062 Daed.
1106 2998 1186 3061 Plat.
1210 3001 1307 3083 11117

138 3127 221 3190 quae
244 3115 408 3169 narrantur
430 3105 470 3169 de
492 3105 624 3170 Iunonis
647 3128 666 3169 a
687 3105 767 3171 Iove
790 3114 894 3170 mente
917 3106 1099 3184 abalienata,
1122 3128 1159 3168 ea
1181 3127 1309 3190 prorsus

137 3210 181 3276 ad
199 3211 376 3276 Stoicorum
399 3212 527 3277 mudum
542 3212 729 3276 Plutarchus
753 3213 890 3298 explicat
912 3212 1021 3276 Iovem
1046 3220 1079 3276 et
1100 3211 1254 3275 Iunonem
1278 3212 1308 3274 in

137 3315 311 3404 πνεύματα
334 3328 367 3384 11
394 3319 534 3409 ῥεόματα
561 3328 761 3399 convertens,
791 3319 875 3404 quod
899 3321 1000 3405 ipsum
1024 3319 1126 3383 votuit
1149 3318 1188 3383 de
1211 3319 1254 3383 Is.
1278 3328 1310 3382 ct

139 3550 284 3621 μοχθηρὰς
297 3552 436 3610 ὑποθέσεις
454 3552 628 3620 λαμβάνοντες
647 3551 778 3605 ἀκόλαστα
796 3558 915 3605 ποιοῦσιν
933 3551 988 3619 ἤδη
1007 3550 1052 3603 καί
1071 3552 1146 3619 βίους
1164 3550 1309 3617 ἀνάνδρους

137 3642 186 3695 καὶ
206 3640 366 3709 ἀνθρώπους
385 3642 488 3709 τρυφὴν
506 3642 551 3694 καί
569 3643 701 3709 μαλακίαν
719 3642 764 3694 καί
783 3641 1005 3709 γυναικοκρασίαν
1023 3640 1177 3708 ἀγαπῶντας

381 3731 484 3796 *εἵματά
503 3729 657 3800 τ’έξημοιβά
675 3731 766 3798 λοετρά
785 3751 812 3782 τε
830 3729 917 3798 θερμὰ
936 3730 981 3782 καί
1000 3730 1096 3787 εὐνάς’.

138 3862 144 3874 .
169 3861 174 3872 .
196 3861 202 3872 .
222 3820 250 3872 ἒν
268 3819 297 3873 δὲ
316 3820 445 3888 τοῖςπερὶ
463 3827 508 3887 τῆς
521 3821 613 3888 Ἥρας
632 3821 724 3887 ἄριστα
747 3819 793 3888 τὴν
812 3818 863 3872 ἀπό
882 3818 1035 3887 φαρμάκων
1053 3819 1098 3872 καί
1121 3819 1238 3886 γοητείας
1263 3817 1309 3871 καί

135 3909 204 3980 μετὰ
224 3910 302 3963 δόλου
320 3908 386 3977 πρὸς
404 3908 469 3976 τοὺς
492 3910 589 3977 ἄνδρας
613 3911 715 3976 ὁμιλίαν
733 3910 778 3962 καί
801 3909 879 3978 χάριν
904 3909 1001 3971 ἔδειξεν
1019 3909 1051 3961 οὗ
1074 3910 1156 3975 μόνον
1174 3908 1309 3976 ἐφήμερον

136 4000 186 4054 καί
205 4000 339 4067 ἁψίκορον
357 3999 403 4052 καὶ
427 3996 551 4068 ἀβέβαιον
574 3997 663 4062 οὖσαν,
689 3999 753 4052 ἀλλὰ
778 4000 824 4052 καί
848 3986 1060 4069 μεταβάλλουσαν
1079 3999 1115 4056 εἰς
1140 3998 1240 4066 ἔχθραν
1262 3997 1308 4050 καὶ

136 4089 230 4160 ἀργήν,
249 4090 310 4143 ὅταν
329 4087 359 4141 ιά
378 4096 422 4158 τῆς
441 4088 537 4158 ήδονῆς
556 4088 742 4158 ἀπομαρανθῇ.
