3146 4832
732 289 776 355 69

170 485 252 549 velle
275 484 384 550 divino
407 485 519 571 spiritu
541 485 693 565 inflatum,
714 487 785 571 quis
808 485 840 549 in
862 485 922 550 hac
943 508 977 550 re
1000 484 1140 550 offendet
1160 486 1215 571 qui
1238 508 1336 572 quan-

168 599 236 656 tum
268 613 326 656 sno
357 593 476 657 muneri
510 600 599 657 vates
631 592 750 678 antiqui
781 593 955 657 tribuerent
976 593 1176 658 meminerit?
1214 591 1334 678 -Itaque

169 721 336 764 caveamus
358 720 398 764 ne
421 701 504 764 sicut
519 698 667 764 Steitzius
683 721 719 763 ac
734 699 869 763 fortasse
884 698 1070 764 Plutarchus
1086 721 1211 785 quoque
1226 707 1334 763 nostro

169 806 275 871 sensui
297 806 390 871 nimis
413 805 611 891 indulgentes
634 805 674 871 de
689 807 866 890 arrogantia
888 805 999 870 horum
1015 828 1161 871 versuum
1185 814 1217 871 et
1239 808 1335 870 iacta-

168 915 254 978 tione
277 935 451 999 queramur.
496 912 622 978 Deinde
644 935 738 998 quam
761 911 988 977 dubitationem
1003 921 1169 978 moverunt
1191 911 1232 977 de
1248 935 1285 976 ea
1300 935 1333 977 re

169 1019 254 1106 quod
274 1023 334 1084 iter
349 1020 388 1085 ab
404 1019 521 1085 Aulide
537 1019 578 1084 ad
592 1019 756 1085 Euboeam
771 1019 948 1084 confectum
963 1020 1122 1105 navigatio
1137 1042 1195 1105 per
1209 1027 1334 1084 vastum

169 1149 253 1192 mare
270 1126 452 1213 appellatur,
476 1149 513 1192 ea
534 1150 574 1191 ne
591 1126 740 1192 Steitzius
755 1125 891 1212 quidem,
914 1129 967 1213 qui
990 1127 1048 1191 hos
1064 1149 1174 1191 versus
1198 1126 1334 1206 damnat,

169 1241 322 1314 movetur,
345 1234 399 1320 qui
422 1242 517 1319 negat
538 1234 636 1299 verba
658 1233 686 1302 εἰ
708 1231 753 1324 μὴ
777 1235 810 1314 ἐς
832 1226 976 1321 Εὔβοιαν
1000 1235 1034 1317 ἐξ
1054 1230 1201 1314 Αὐλίδος
1223 1235 1256 1298 vi
1279 1256 1333 1298 ex-

168 1340 322 1427 ceptionis
345 1339 509 1406 referenda
531 1363 601 1406 esse
624 1340 666 1404 ad
688 1363 815 1407 versum
838 1341 892 1426 qui
915 1340 1093 1427 praecedit:

326 1444 364 1518 οὗ
387 1447 448 1539 γὰρ
471 1444 612 1517 πώποτε
635 1447 688 1541 νηί
711 1440 738 1536 μ’
756 1449 913 1516 ἐπέπλων
936 1441 1029 1538 εὗρέα
1051 1446 1174 1517 πόντον

169 1563 263 1641 atque
286 1557 333 1620 sic
355 1554 477 1621 vertere
500 1554 640 1621 videtur:
664 1577 822 1640 nunquam
845 1555 992 1640 navigavi
1014 1577 1071 1641 per
1093 1562 1218 1620 vastum
1239 1578 1333 1635 mare,

167 1669 289 1726 tantum
315 1661 433 1727 Aulide
460 1662 493 1726 in
520 1661 683 1727 Euboeam
715 1662 871 1746 navigavi.
920 1661 1018 1740 Quod
1049 1684 1112 1725 non
1144 1661 1334 1748 improbabit

167 1769 313 1855 quicum
336 1768 467 1834 Steitzio
499 1776 626 1855 reputat
656 1792 728 1834 cum
759 1768 898 1855 pondere
930 1777 1056 1855 poetam
1083 1768 1187 1833 dicere
1211 1765 1248 1837 οὐ
1272 1771 1332 1859 γὰρ

166 1873 306 1945 πώποτε
328 1877 483 1945 ἐπέπλων
507 1903 535 1943 a.
552 1904 580 1944 τ.
597 1880 625 1944 λ.
671 1875 771 1940 Porro
795 1875 992 1961 Goettlingio
1015 1899 1045 1940 v.
1070 1878 1150 1941 683:

325 1984 361 2051 οὗ
376 1980 436 2074 γὰρ
450 1984 518 2073 ἐμῷ
533 1988 631 2073 θυμῷ
645 1982 868 2073 κεχαρισμένος
883 1982 970 2051 ἐστίν
992 1982 1068 2065 (soil.
1084 1977 1102 2050 ὃ
1117 1986 1231 2066 πλοῦς)

166 2090 311 2154 evincere
333 2087 460 2154 videtur
482 2090 607 2176 saepius
634 2089 800 2176 navigasse
822 2087 1015 2169 Hesiodum,
1041 2091 1086 2153 ita
1107 2097 1143 2153 ut
1164 2088 1198 2152 hi
1221 2111 1330 2154 versus

166 2197 220 2282 qui
253 2198 377 2261 unicam
408 2196 544 2260 Hesiodi
576 2196 808 2282 navigationem
839 2196 977 2261 referant
1007 2196 1134 2282 genuini
1166 2218 1236 2260 esse
1267 2218 1330 2259 non

165 2303 296 2389 possint
326 2302 424 2381 Quod
448 2310 568 2367 tantum
591 2303 681 2368 abest
703 2310 739 2367 nt
752 2325 863 2368 verum
886 2304 936 2384 sit,
958 2303 1079 2368 attale
1102 2301 1222 2368 dictum
1237 2304 1330 2367 etiam
1423 2340 1427 2345 .

165 2410 233 2479 eius
256 2432 327 2475 esse
348 2410 452 2496 possit
473 2410 527 2495 qui
550 2432 708 2495 nunquam
731 2411 805 2474 navi
827 2418 938 2475 vectus
961 2410 1101 2496 pericula
1122 2409 1216 2473 maris
1239 2410 1330 2474 time·

164 2525 199 2581 at
229 2515 363 2602 ideoque
394 2517 434 2582 iis
462 2520 559 2581 vitam
591 2539 680 2581 suam
711 2519 906 2581 committere
938 2517 1026 2582 nolit.
1070 2517 1163 2595 Quae
1185 2538 1256 2581 cum
1285 2519 1330 2581 ita

165 2626 238 2703 sint,
260 2623 464 2689 Plutarchum
490 2646 530 2689 ne
552 2624 603 2688 hio
626 2622 752 2710 quidem
779 2621 907 2688 laudare
934 2647 1116 2710 possumus,
1145 2624 1329 2709 praesertim

165 2731 192 2795 si
215 2753 326 2796 revera
348 2753 411 2795 non
427 2730 608 2817 diligentius
623 2753 716 2817 quam
732 2730 865 2796 Proclus
880 2728 978 2795 tradit
999 2730 1148 2795 indicium
1169 2730 1329 2795 stabilivit.

272 2837 379 2904 Unum
401 2838 578 2924 exemplum
595 2860 741 2903 versuum
764 2861 784 2902 a
797 2838 966 2902 Plutarcho
989 2846 1097 2901 contra
1119 2837 1196 2902 alios
1220 2836 1329 2902 defen-

164 2944 480 3010 sorum1habemus:
504 2953 578 3009 sunt
600 2968 652 3010 vv.
677 2947 740 3010 370
765 2954 797 3009 et
820 2947 881 3010 371
908 2943 1062 3028 (Goettl.):

321 3051 443 3138 μισθὸς
465 3048 493 3119 d'
511 3044 602 3142 ἆνδρὶ
624 3050 711 3142 φίλῳ
733 3051 895 3145 εἰρημένος
917 3044 1027 3140 ὅρκιος
1048 3050 1137 3119 ἔσται.

245 3197 260 3235 ι,
322 3157 380 3226 καί
401 3186 437 3227 τε
460 3157 638 3249 κασιγνήτῳ
661 3157 799 3245 γελάσας
821 3160 880 3226 ἐπὶ
902 3156 1047 3249 μάρτυρα
1069 3159 1207 3227 θέσθαι.

163 3264 228 3330 Sed
250 3263 420 3330 dolendum
443 3273 492 3330 est
521 3288 628 3330 eorum
657 3267 711 3350 qui
742 3264 801 3329 hos
825 3286 935 3330 versus
964 3263 1192 3330 damnavcrrmt
1218 3285 1327 3328 causas

163 3371 365 3436 Plutarchum
392 3395 451 3438 nec
478 3371 589 3437 afferre
616 3394 675 3436 nco
701 3371 854 3436 refellere.
899 3371 1046 3445 Ceterum
1069 3373 1102 3435 in
1124 3374 1191 3437 vita
1212 3371 1327 3436 Thesei

162 3484 241 3565 (cap.
266 3483 295 3561 3)
318 3478 454 3565 priorem
476 3479 604 3565 quidem
628 3501 753 3544 versum
775 3478 913 3559 Pittheo,
935 3479 1051 3543 Thesei
1075 3501 1144 3560 avc,
1167 3477 1327 3543 adiudica-

162 3587 233 3651 vitl
256 3586 470 3651 testimonium
492 3595 618 3652 secutus
634 3585 825 3652 Aristotelis
862 3586 931 3650 Nos
954 3586 1100 3650 nimirum
1122 3586 1180 3650 hos
1203 3608 1327 3671 quoque

162 3715 273 3759 versus
297 3693 425 3757 eioimus
449 3715 602 3758 unacum
625 3700 692 3758 tota
716 3715 863 3758 versuum
886 3692 966 3758 serie
989 3715 1068 3779 quae
1091 3693 1229 3780 pertinet
1250 3715 1277 3757 a
1297 3716 1326 3758 v.

163 3802 225 3866 327
250 3797 344 3865 adv.
369 3802 442 3865 381.

269 3961 279 3990 ¹
298 3959 362 4015 Vid.
382 3960 510 4015 Proclum
529 3959 565 4014 od
583 3979 608 4016 v.
628 3962 692 4017 354:
718 3962 825 4023 τούτους
843 3960 873 4017 δέ
895 3981 960 4023 τινες
983 3959 1042 4021 τοὺς
1065 3962 1169 4031 στίχους
1194 3961 1323 4031 ἐξέβαλον.

159 4049 176 4103 ό
193 4048 223 4103 δὲ
240 4050 395 4117 Πλαύιαχος
412 4049 533 4119 ἐγκρίνει.

268 4138 338 4197 ²01.
357 4140 464 4215 p.133.
