<?xml version="1.0" encoding="UTF-8"?>
<!DOCTYPE html PUBLIC "-//W3C//DTD XHTML 1.0 Transitional//EN"
    "http://www.w3.org/TR/xhtml1/DTD/xhtml1-transitional.dtd">
<html xmlns="http://www.w3.org/1999/xhtml" xml:lang="en" lang="en">
 <head>
  <title>
</title>
<meta http-equiv="Content-Type" content="text/html;charset=utf-8" />
  <meta name='ocr-system' content='tesseract 3.04.00' />
  <meta name='ocr-capabilities' content='ocr_page ocr_carea ocr_par ocr_line ocrx_word'/>
</head>
<body>
  <div class='ocr_page' id='page_1' title='image "./deplutarchistud00westgoog_0052.png"; bbox 0 0 3146 4832; ppageno 0'>
   <div class='ocr_carea' id='block_1_1' title="bbox 690 232 733 294">
    <p class='ocr_par' dir='ltr' id='par_1_1' title="bbox 690 232 733 294">
     <span class='ocr_line' id='line_1_1' title="bbox 690 232 733 294; baseline 0 0"><span class='ocrx_word' id='word_1_1' title='bbox 690 232 733 294; x_wconf 89' lang='grc'><em>45</em></span> 
     </span>
    </p>
   </div>
   <div class='ocr_carea' id='block_1_2' title="bbox 608 323 819 331">
    <p class='ocr_par' dir='ltr' id='par_1_2' title="bbox 608 323 819 331">
     <span class='ocr_line' id='line_1_2' title="bbox 608 323 819 331; baseline -0.005 0"><span class='ocrx_word' id='word_1_2' title='bbox 608 323 819 331; x_wconf 78' lang='lat'><em>——-———</em></span> 
     </span>
    </p>
   </div>
   <div class='ocr_carea' id='block_1_3' title="bbox 115 425 1295 3089">
    <p class='ocr_par' dir='ltr' id='par_1_3' title="bbox 115 425 1295 3089">
     <span class='ocr_line' id='line_1_3' title="bbox 119 425 1293 521; baseline 0.001 -29"><span class='ocrx_word' id='word_1_3' title='bbox 119 427 242 507; x_wconf 84' lang='grc' dir='ltr'><em>ζεσθαι</em></span> <span class='ocrx_word' id='word_1_4' title='bbox 258 426 314 493; x_wconf 79' lang='grc' dir='ltr'><em>τοῦ</em></span> <span class='ocrx_word' id='word_1_5' title='bbox 336 426 563 516; x_wconf 77' lang='grc' dir='ltr'><em>κεχαρισμένου</em></span> <span class='ocrx_word' id='word_1_6' title='bbox 585 432 651 507; x_wconf 86' lang='grc' dir='ltr'><em>τοῖς</em></span> <span class='ocrx_word' id='word_1_7' title='bbox 673 432 772 506; x_wconf 86' lang='grc' dir='ltr'><em>θεοῖς.</em></span> <span class='ocrx_word' id='word_1_8' title='bbox 796 426 852 493; x_wconf 83' lang='grc' dir='ltr'><em>καί</em></span> <span class='ocrx_word' id='word_1_9' title='bbox 875 426 934 519; x_wconf 83' lang='grc' dir='ltr'><em>γάρ</em></span> <span class='ocrx_word' id='word_1_10' title='bbox 949 427 1006 493; x_wconf 86' lang='grc' dir='ltr'><em>καί</em></span> <span class='ocrx_word' id='word_1_11' title='bbox 1022 426 1162 494; x_wconf 89' lang='grc' dir='ltr'><em>Πλάτων</em></span> <span class='ocrx_word' id='word_1_12' title='bbox 1179 425 1293 521; x_wconf 80' lang='grc' dir='ltr'><em>φησίν·</em></span> 
     </span>
     <span class='ocr_line' id='line_1_4' title="bbox 118 524 1292 626; baseline 0 -25"><span class='ocrx_word' id='word_1_13' title='bbox 118 527 139 601; x_wconf 87' lang='grc' dir='ltr'><em>δ</em></span> <span class='ocrx_word' id='word_1_14' title='bbox 164 532 299 620; x_wconf 81' lang='grc' dir='ltr'><em>βλέπων</em></span> <span class='ocrx_word' id='word_1_15' title='bbox 322 532 370 614; x_wconf 83' lang='grc' dir='ltr'><em>είς</em></span> <span class='ocrx_word' id='word_1_16' title='bbox 391 530 429 602; x_wconf 90' lang='grc' dir='ltr'><em>τδ</em></span> <span class='ocrx_word' id='word_1_17' title='bbox 444 539 536 602; x_wconf 86' lang='grc' dir='ltr'><em>θεῖον</em></span> <span class='ocrx_word' id='word_1_18' title='bbox 559 535 596 617; x_wconf 79' lang='grc' dir='ltr'><em>ἐξ</em></span> <span class='ocrx_word' id='word_1_19' title='bbox 616 524 842 626; x_wconf 85' lang='grc' dir='ltr'><em>άσελγημάτων</em></span> <span class='ocrx_word' id='word_1_20' title='bbox 866 535 963 603; x_wconf 78' lang='grc' dir='ltr'><em>αὐτοῦ</em></span> <span class='ocrx_word' id='word_1_21' title='bbox 984 533 1155 624; x_wconf 76' lang='grc' dir='ltr'><em>φυλάττειν</em></span> <span class='ocrx_word' id='word_1_22' title='bbox 1180 532 1292 601; x_wconf 75' lang='grc' dir='ltr'><em>ἑαυτὸν</em></span> 
     </span>
     <span class='ocr_line' id='line_1_5' title="bbox 119 634 1294 734; baseline -0.001 -25"><span class='ocrx_word' id='word_1_23' title='bbox 119 640 302 723; x_wconf 76' lang='grc' dir='ltr'><em>σπουδάζει</em></span> <span class='ocrx_word' id='word_1_24' title='bbox 324 637 620 734; x_wconf 84' lang='grc' dir='ltr'><em>καὶάσεβημάτων</em></span> <span class='ocrx_word' id='word_1_25' title='bbox 647 638 801 709; x_wconf 90' lang='grc' dir='ltr'><em>πάντων·</em></span> <span class='ocrx_word' id='word_1_26' title='bbox 824 637 887 708; x_wconf 53' lang='grc' dir='ltr'><em>1καί</em></span> <span class='ocrx_word' id='word_1_27' title='bbox 914 639 973 731; x_wconf 85' lang='grc' dir='ltr'><em>γὰρ</em></span> <span class='ocrx_word' id='word_1_28' title='bbox 1001 636 1018 709; x_wconf 82' lang='grc' dir='ltr'><em>ὃ</em></span> <span class='ocrx_word' id='word_1_29' title='bbox 1045 638 1120 722; x_wconf 76' lang='grc' dir='ltr'><em>τοὺς</em></span> <span class='ocrx_word' id='word_1_30' title='bbox 1148 634 1294 729; x_wconf 83' lang='grc' dir='ltr'><em>άγαθοδς</em></span> 
     </span>
     <span class='ocr_line' id='line_1_6' title="bbox 120 742 1294 839; baseline 0.001 -24"><span class='ocrx_word' id='word_1_31' title='bbox 120 742 243 839; x_wconf 79' lang='grc' dir='ltr'><em>άνδρας</em></span> <span class='ocrx_word' id='word_1_32' title='bbox 269 747 491 835; x_wconf 83' lang='grc' dir='ltr'><em>αἰσχυνόμενος</em></span> <span class='ocrx_word' id='word_1_33' title='bbox 519 747 691 839; x_wconf 79' lang='grc' dir='ltr'><em>παρόντων</em></span> <span class='ocrx_word' id='word_1_34' title='bbox 718 742 822 817; x_wconf 76' lang='grc' dir='ltr'><em>αὐτῶν</em></span> <span class='ocrx_word' id='word_1_35' title='bbox 852 744 1012 832; x_wconf 85' lang='grc' dir='ltr'><em>άπέχεται</em></span> <span class='ocrx_word' id='word_1_36' title='bbox 1039 747 1168 832; x_wconf 85' lang='grc' dir='ltr'><em>τούτων,</em></span> <span class='ocrx_word' id='word_1_37' title='bbox 1191 745 1294 838; x_wconf 83' lang='grc' dir='ltr'><em>μήτι1</em></span> 
     </span>
     <span class='ocr_line' id='line_1_7' title="bbox 123 849 1295 944; baseline 0 -21"><span class='ocrx_word' id='word_1_38' title='bbox 123 881 156 944; x_wconf 89' lang='grc' dir='ltr'><em>γε</em></span> <span class='ocrx_word' id='word_1_39' title='bbox 177 855 254 936; x_wconf 82' lang='grc' dir='ltr'><em>τούς</em></span> <span class='ocrx_word' id='word_1_40' title='bbox 275 854 383 936; x_wconf 86' lang='grc' dir='ltr'><em>θεούς.</em></span> <span class='ocrx_word' id='word_1_41' title='bbox 416 857 472 923; x_wconf 84' lang='grc' dir='ltr'><em>καί</em></span> <span class='ocrx_word' id='word_1_42' title='bbox 503 855 537 923; x_wconf 89' lang='grc' dir='ltr'><em>τί</em></span> <span class='ocrx_word' id='word_1_43' title='bbox 568 857 649 944; x_wconf 89' lang='grc' dir='ltr'><em>λέγω</em></span> <span class='ocrx_word' id='word_1_44' title='bbox 681 853 754 937; x_wconf 79' lang='grc' dir='ltr'><em>τοὺς</em></span> <span class='ocrx_word' id='word_1_45' title='bbox 786 851 933 942; x_wconf 80' lang='grc' dir='ltr'><em>ἀγαθούς</em></span> <span class='ocrx_word' id='word_1_46' title='bbox 965 849 1095 940; x_wconf 69' lang='grc' dir='ltr'><em>αύτούςς</em></span> <span class='ocrx_word' id='word_1_47' title='bbox 1127 852 1209 923; x_wconf 81' lang='grc' dir='ltr'><em>ἀλλὰ</em></span> <span class='ocrx_word' id='word_1_48' title='bbox 1237 857 1295 924; x_wconf 84' lang='grc' dir='ltr'><em>καί</em></span> 
     </span>
     <span class='ocr_line' id='line_1_8' title="bbox 122 955 1292 1051; baseline 0 -21"><span class='ocrx_word' id='word_1_49' title='bbox 122 961 252 1044; x_wconf 81' lang='grc' dir='ltr'><em>εἰκόνας</em></span> <span class='ocrx_word' id='word_1_50' title='bbox 274 955 409 1051; x_wconf 84' lang='grc' dir='ltr'><em>άγαθῶν</em></span> <span class='ocrx_word' id='word_1_51' title='bbox 436 990 522 1044; x_wconf 85' lang='grc' dir='ltr'><em>τινες</em></span> <span class='ocrx_word' id='word_1_52' title='bbox 553 964 702 1050; x_wconf 89' lang='grc' dir='ltr'><em>σέβονται</em></span> <span class='ocrx_word' id='word_1_53' title='bbox 735 964 792 1031; x_wconf 84' lang='grc' dir='ltr'><em>καί</em></span> <span class='ocrx_word' id='word_1_54' title='bbox 824 956 883 1032; x_wconf 62' lang='grc' dir='ltr'><em>υπ)</em></span> <span class='ocrx_word' id='word_1_55' title='bbox 917 956 1030 1045; x_wconf 82' lang='grc' dir='ltr'><em>αύταῖς</em></span> <span class='ocrx_word' id='word_1_56' title='bbox 1061 959 1191 1032; x_wconf 77' lang='grc' dir='ltr'><em>ὀκνοῦσι</em></span> <span class='ocrx_word' id='word_1_57' title='bbox 1222 964 1292 1031; x_wconf 83' lang='grc' dir='ltr'><em>τινὰ</em></span> 
     </span>
     <span class='ocr_line' id='line_1_9' title="bbox 117 1065 1292 1200; baseline 0.001 -64"><span class='ocrx_word' id='word_1_58' title='bbox 117 1067 270 1161; x_wconf 84' lang='grc' dir='ltr'><em>πονηράν</em></span> <span class='ocrx_word' id='word_1_59' title='bbox 292 1074 411 1196; x_wconf 80' lang='grc' dir='ltr'><em>πρᾶξιν</em></span> <span class='ocrx_word' id='word_1_60' title='bbox 434 1065 616 1160; x_wconf 55' lang='grc' dir='ltr'><em>πράξαι,(</em></span> <span class='ocrx_word' id='word_1_61' title='bbox 593 1098 636 1151; x_wconf 86' lang='grc' dir='ltr'><em>ως</em></span> <span class='ocrx_word' id='word_1_62' title='bbox 651 1065 671 1162; x_wconf 83' lang='grc' dir='ltr'><em>ή</em></span> <span class='ocrx_word' id='word_1_63' title='bbox 686 1071 731 1161; x_wconf 86' lang='grc' dir='ltr'><em>μή</em></span> <span class='ocrx_word' id='word_1_64' title='bbox 747 1071 963 1200; x_wconf 80' lang='grc' dir='ltr'><em>προσιεμένη</em></span> <span class='ocrx_word' id='word_1_65' title='bbox 958 1070 1013 1138; x_wconf 92' lang='grc' dir='ltr'><em>τδν</em></span> <span class='ocrx_word' id='word_1_66' title='bbox 1029 1071 1163 1162; x_wconf 79' lang='grc' dir='ltr'><em>ἐραστὴν</em></span> <span class='ocrx_word' id='word_1_67' title='bbox 1179 1069 1292 1160; x_wconf 71' lang='grc' dir='ltr'><em>ἑταίρα</em></span> 
     </span>
     <span class='ocr_line' id='line_1_10' title="bbox 116 1171 1291 1270; baseline 0 -25"><span class='ocrx_word' id='word_1_68' title='bbox 116 1175 242 1269; x_wconf 80' lang='grc' dir='ltr'><em>δρᾶσαί</em></span> <span class='ocrx_word' id='word_1_69' title='bbox 264 1205 296 1245; x_wconf 91' lang='grc' dir='ltr'><em>τι</em></span> <span class='ocrx_word' id='word_1_70' title='bbox 319 1171 458 1269; x_wconf 80' lang='grc' dir='ltr'><em>άοχημον</em></span> <span class='ocrx_word' id='word_1_71' title='bbox 489 1172 556 1247; x_wconf 83' lang='grc' dir='ltr'><em>ύπδ</em></span> <span class='ocrx_word' id='word_1_72' title='bbox 588 1205 626 1270; x_wconf 88' lang='grc' dir='ltr'><em>τη</em></span> <span class='ocrx_word' id='word_1_73' title='bbox 653 1177 872 1267; x_wconf 84' lang='grc' dir='ltr'><em>Ξενοκράτους</em></span> <span class='ocrx_word' id='word_1_74' title='bbox 894 1172 994 1246; x_wconf 89' lang='grc' dir='ltr'><em>είκόνι</em></span> <span class='ocrx_word' id='word_1_75' title='bbox 1022 1204 1078 1246; x_wconf 90' lang='grc' dir='ltr'><em>του</em></span> <span class='ocrx_word' id='word_1_76' title='bbox 1106 1172 1291 1268; x_wconf 65' lang='grc' dir='ltr'><em>σώφρονος·</em></span> 
     </span>
     <span class='ocr_line' id='line_1_11' title="bbox 115 1285 1290 1376; baseline -0.002 -24"><span class='ocrx_word' id='word_1_77' title='bbox 115 1286 238 1374; x_wconf 76' lang='grc' dir='ltr'><em>πολλῷ</em></span> <span class='ocrx_word' id='word_1_78' title='bbox 260 1286 421 1370; x_wconf 80' lang='grc' dir='ltr'><em>μᾶλλον</em></span> <span class='ocrx_word' id='word_1_79' title='bbox 405 1285 466 1353; x_wconf 86' lang='grc' dir='ltr'><em>επί</em></span> <span class='ocrx_word' id='word_1_80' title='bbox 488 1290 575 1353; x_wconf 82' lang='grc' dir='ltr'><em>θεῶν</em></span> <span class='ocrx_word' id='word_1_81' title='bbox 590 1289 684 1354; x_wconf 79' lang='grc' dir='ltr'><em>τοῦτο</em></span> <span class='ocrx_word' id='word_1_82' title='bbox 699 1286 758 1376; x_wconf 85' lang='grc' dir='ltr'><em>χρή</em></span> <span class='ocrx_word' id='word_1_83' title='bbox 774 1291 892 1353; x_wconf 90' lang='grc' dir='ltr'><em>ποιεῖν.</em></span> <span class='ocrx_word' id='word_1_84' title='bbox 931 1286 1130 1370; x_wconf 74' lang='lat' dir='ltr'><strong>Quamquam</strong></span> <span class='ocrx_word' id='word_1_85' title='bbox 1145 1285 1290 1350; x_wconf 77' lang='lat' dir='ltr'>Platonis</span> 
     </span>
     <span class='ocr_line' id='line_1_12' title="bbox 116 1390 1290 1479; baseline 0.002 -24"><span class='ocrx_word' id='word_1_86' title='bbox 116 1390 209 1478; x_wconf 90' lang='lat' dir='ltr'><strong>quod</strong></span> <span class='ocrx_word' id='word_1_87' title='bbox 241 1391 369 1456; x_wconf 87' lang='lat' dir='ltr'><strong>affertur</strong></span> <span class='ocrx_word' id='word_1_88' title='bbox 401 1392 519 1457; x_wconf 89' lang='lat' dir='ltr'><strong>dictum</strong></span> <span class='ocrx_word' id='word_1_89' title='bbox 550 1415 660 1479; x_wconf 90' lang='lat' dir='ltr'><strong>parum</strong></span> <span class='ocrx_word' id='word_1_90' title='bbox 692 1400 811 1457; x_wconf 89' lang='lat' dir='ltr'><strong>certum</strong></span> <span class='ocrx_word' id='word_1_91' title='bbox 844 1401 892 1457; x_wconf 90' lang='lat' dir='ltr'><strong>est</strong></span> <span class='ocrx_word' id='word_1_92' title='bbox 922 1392 1127 1457; x_wconf 91' lang='lat' dir='ltr'><strong>Plutarcheae</strong></span> <span class='ocrx_word' id='word_1_93' title='bbox 1160 1394 1290 1478; x_wconf 85' lang='lat' dir='ltr'><strong>originis</strong></span> 
     </span>
     <span class='ocr_line' id='line_1_13' title="bbox 117 1499 1291 1585; baseline 0 -21"><span class='ocrx_word' id='word_1_94' title='bbox 117 1499 473 1579; x_wconf 62' lang='lat' dir='ltr'><strong>testimonium,1tamen</strong></span> <span class='ocrx_word' id='word_1_95' title='bbox 496 1523 577 1585; x_wconf 92' lang='lat' dir='ltr'><strong>quae</strong></span> <span class='ocrx_word' id='word_1_96' title='bbox 599 1499 639 1565; x_wconf 93' lang='lat' dir='ltr'><em>de</em></span> <span class='ocrx_word' id='word_1_97' title='bbox 654 1500 836 1565; x_wconf 77' lang='lat' dir='ltr'>Xenocrate</span> <span class='ocrx_word' id='word_1_98' title='bbox 859 1508 1022 1564; x_wconf 89' lang='lat' dir='ltr'><strong>narrantur</strong></span> <span class='ocrx_word' id='word_1_99' title='bbox 1039 1499 1177 1565; x_wconf 89' lang='lat' dir='ltr'><strong>indicare</strong></span> <span class='ocrx_word' id='word_1_100' title='bbox 1200 1500 1291 1564; x_wconf 88' lang='lat' dir='ltr'><strong>nobis</strong></span> 
     </span>
     <span class='ocr_line' id='line_1_14' title="bbox 119 1606 1290 1693; baseline 0 -21"><span class='ocrx_word' id='word_1_101' title='bbox 119 1606 270 1672; x_wconf 89' lang='lat' dir='ltr'><strong>videntur</strong></span> <span class='ocrx_word' id='word_1_102' title='bbox 301 1615 460 1671; x_wconf 77' lang='lat' dir='ltr'><strong>auctorem</strong></span> <span class='ocrx_word' id='word_1_103' title='bbox 491 1607 709 1686; x_wconf 77' lang='lat' dir='ltr'><strong>Plutarchum,</strong></span> <span class='ocrx_word' id='word_1_104' title='bbox 750 1609 803 1693; x_wconf 93' lang='lat' dir='ltr'><em>qui</em></span> <span class='ocrx_word' id='word_1_105' title='bbox 835 1616 871 1671; x_wconf 93' lang='lat' dir='ltr'><strong>ut</strong></span> <span class='ocrx_word' id='word_1_106' title='bbox 901 1607 1091 1671; x_wconf 83' lang='lat' dir='ltr'><strong>Xenocratis</strong></span> <span class='ocrx_word' id='word_1_107' title='bbox 1129 1606 1290 1672; x_wconf 87' lang='lat' dir='ltr'><strong>doctrinae</strong></span> 
     </span>
     <span class='ocr_line' id='line_1_15' title="bbox 121 1713 1290 1801; baseline -0.001 -23"><span class='ocrx_word' id='word_1_108' title='bbox 121 1736 250 1801; x_wconf 86' lang='lat' dir='ltr'><strong>operam</strong></span> <span class='ocrx_word' id='word_1_109' title='bbox 272 1715 403 1801; x_wconf 84' lang='lat' dir='ltr'><strong>impigre</strong></span> <span class='ocrx_word' id='word_1_110' title='bbox 426 1713 516 1778; x_wconf 81' lang='lat' dir='ltr'><strong>dedit</strong></span> <span class='ocrx_word' id='word_1_111' title='bbox 538 1714 773 1800; x_wconf 84' lang='lat' dir='ltr'><strong>cognoscendae</strong></span> <span class='ocrx_word' id='word_1_112' title='bbox 788 1720 809 1794; x_wconf 78' lang='lat'><em>²,</em></span> <span class='ocrx_word' id='word_1_113' title='bbox 830 1717 876 1778; x_wconf 89' lang='lat' dir='ltr'><em>ita</em></span> <span class='ocrx_word' id='word_1_114' title='bbox 897 1714 1142 1778; x_wconf 88' lang='lat' dir='ltr'><strong>narratiunculas</strong></span> <span class='ocrx_word' id='word_1_115' title='bbox 1165 1737 1290 1799; x_wconf 88' lang='lat' dir='ltr'><strong>quoque</strong></span> 
     </span>
     <span class='ocr_line' id='line_1_16' title="bbox 121 1819 1289 1908; baseline 0.001 -24"><span class='ocrx_word' id='word_1_116' title='bbox 121 1844 200 1907; x_wconf 92' lang='lat' dir='ltr'><strong>quae</strong></span> <span class='ocrx_word' id='word_1_117' title='bbox 225 1819 265 1885; x_wconf 92' lang='lat' dir='ltr'><em>de</em></span> <span class='ocrx_word' id='word_1_118' title='bbox 289 1843 327 1886; x_wconf 91' lang='lat' dir='ltr'><em>eo</em></span> <span class='ocrx_word' id='word_1_119' title='bbox 343 1821 641 1886; x_wconf 74' lang='lat' dir='ltr'><strong>circumferebantur</strong></span> <span class='ocrx_word' id='word_1_120' title='bbox 656 1829 831 1908; x_wconf 88' lang='lat' dir='ltr'><strong>compertas</strong></span> <span class='ocrx_word' id='word_1_121' title='bbox 847 1821 984 1887; x_wconf 88' lang='lat' dir='ltr'><strong>habebat</strong></span> <span class='ocrx_word' id='word_1_122' title='bbox 996 1827 1016 1886; x_wconf 78' lang='lat'><em>3.</em></span> <span class='ocrx_word' id='word_1_123' title='bbox 1054 1821 1189 1886; x_wconf 87' lang='lat' dir='ltr'><strong>Accedit</strong></span> <span class='ocrx_word' id='word_1_124' title='bbox 1204 1820 1289 1906; x_wconf 89' lang='lat' dir='ltr'><strong>quod</strong></span> 
     </span>
     <span class='ocr_line' id='line_1_17' title="bbox 122 1928 1292 1994; baseline -0.001 -2"><span class='ocrx_word' id='word_1_125' title='bbox 122 1929 216 1992; x_wconf 91' lang='lat' dir='ltr'><strong>etiam</strong></span> <span class='ocrx_word' id='word_1_126' title='bbox 240 1928 336 1993; x_wconf 87' lang='lat' dir='ltr'><strong>ceteri</strong></span> <span class='ocrx_word' id='word_1_127' title='bbox 367 1928 429 1993; x_wconf 89' lang='lat' dir='ltr'><strong>loci</strong></span> <span class='ocrx_word' id='word_1_128' title='bbox 460 1929 493 1993; x_wconf 91' lang='lat' dir='ltr'><em>in</em></span> <span class='ocrx_word' id='word_1_129' title='bbox 515 1929 621 1994; x_wconf 92' lang='lat' dir='ltr'><strong>Procli</strong></span> <span class='ocrx_word' id='word_1_130' title='bbox 653 1928 778 1993; x_wconf 87' lang='lat' dir='ltr'><strong>scholiis</strong></span> <span class='ocrx_word' id='word_1_131' title='bbox 811 1929 865 1993; x_wconf 89' lang='lat' dir='ltr'><em>ubi</em></span> <span class='ocrx_word' id='word_1_132' title='bbox 896 1929 1086 1993; x_wconf 87' lang='lat' dir='ltr'><strong>Xenocratis</strong></span> <span class='ocrx_word' id='word_1_133' title='bbox 1115 1930 1233 1992; x_wconf 91' lang='lat' dir='ltr'><strong>mentio</strong></span> <span class='ocrx_word' id='word_1_134' title='bbox 1256 1929 1292 1991; x_wconf 87' lang='lat' dir='ltr'><strong>fit</strong></span> 
     </span>
     <span class='ocr_line' id='line_1_18' title="bbox 121 2033 1290 2122; baseline -0.001 -22"><span class='ocrx_word' id='word_1_135' title='bbox 121 2058 232 2100; x_wconf 88' lang='lat' dir='ltr'><strong>omnes</strong></span> <span class='ocrx_word' id='word_1_136' title='bbox 255 2033 295 2098; x_wconf 91' lang='lat' dir='ltr'><strong>ad</strong></span> <span class='ocrx_word' id='word_1_137' title='bbox 318 2035 522 2100; x_wconf 85' lang='lat' dir='ltr'><strong>Plutarchum</strong></span> <span class='ocrx_word' id='word_1_138' title='bbox 545 2044 704 2100; x_wconf 90' lang='lat' dir='ltr'><strong>auctorem</strong></span> <span class='ocrx_word' id='word_1_139' title='bbox 725 2035 866 2101; x_wconf 89' lang='lat' dir='ltr'><strong>redeunt.</strong></span> <span class='ocrx_word' id='word_1_140' title='bbox 920 2036 1089 2100; x_wconf 89' lang='lat' dir='ltr'><strong>Praeterea</strong></span> <span class='ocrx_word' id='word_1_141' title='bbox 1117 2035 1290 2122; x_wconf 90' lang='lat' dir='ltr'><strong>deprehen-</strong></span> 
     </span>
     <span class='ocr_line' id='line_1_19' title="bbox 121 2142 1291 2229; baseline 0.001 -23"><span class='ocrx_word' id='word_1_142' title='bbox 121 2142 241 2206; x_wconf 88' lang='lat' dir='ltr'><strong>duntur</strong></span> <span class='ocrx_word' id='word_1_143' title='bbox 261 2143 295 2205; x_wconf 89' lang='lat' dir='ltr'><em>in</em></span> <span class='ocrx_word' id='word_1_144' title='bbox 318 2142 437 2207; x_wconf 90' lang='lat' dir='ltr'><strong>scholio</strong></span> <span class='ocrx_word' id='word_1_145' title='bbox 460 2165 539 2227; x_wconf 90' lang='lat' dir='ltr'><strong>quae</strong></span> <span class='ocrx_word' id='word_1_146' title='bbox 555 2145 681 2229; x_wconf 88' lang='lat' dir='ltr'><strong>propria</strong></span> <span class='ocrx_word' id='word_1_147' title='bbox 700 2146 763 2207; x_wconf 88' lang='lat' dir='ltr'><strong>sint</strong></span> <span class='ocrx_word' id='word_1_148' title='bbox 779 2143 928 2207; x_wconf 86' lang='lat' dir='ltr'><strong>orationis</strong></span> <span class='ocrx_word' id='word_1_149' title='bbox 943 2143 1163 2222; x_wconf 88' lang='lat' dir='ltr'><strong>Plutarcheae;</strong></span> <span class='ocrx_word' id='word_1_150' title='bbox 1187 2143 1291 2228; x_wconf 89' lang='lat' dir='ltr'><strong>qualia</strong></span> 
     </span>
     <span class='ocr_line' id='line_1_20' title="bbox 124 2248 1289 2339; baseline 0.001 -26"><span class='ocrx_word' id='word_1_151' title='bbox 124 2258 196 2313; x_wconf 88' lang='lat' dir='ltr'><strong>sunt</strong></span> <span class='ocrx_word' id='word_1_152' title='bbox 219 2249 350 2314; x_wconf 89' lang='lat' dir='ltr'><strong>verbum</strong></span> <span class='ocrx_word' id='word_1_153' title='bbox 372 2248 577 2339; x_wconf 83' lang='grc' dir='ltr'><em>χαρίζεσθαι,</em></span> <span class='ocrx_word' id='word_1_154' title='bbox 605 2249 690 2334; x_wconf 90' lang='lat' dir='ltr'><strong>quod</strong></span> <span class='ocrx_word' id='word_1_155' title='bbox 713 2250 901 2314; x_wconf 85' lang='lat' dir='ltr'><strong>Plutarchus</strong></span> <span class='ocrx_word' id='word_1_156' title='bbox 928 2272 1045 2336; x_wconf 89' lang='lat' dir='ltr'><strong>ponere</strong></span> <span class='ocrx_word' id='word_1_157' title='bbox 1073 2249 1154 2313; x_wconf 89' lang='lat' dir='ltr'><strong>solet</strong></span> <span class='ocrx_word' id='word_1_158' title='bbox 1181 2249 1221 2314; x_wconf 90' lang='lat' dir='ltr'><em>de</em></span> <span class='ocrx_word' id='word_1_159' title='bbox 1244 2251 1289 2314; x_wconf 88' lang='lat' dir='ltr'><em>eis</em></span> 
     </span>
     <span class='ocr_line' id='line_1_21' title="bbox 127 2355 1288 2443; baseline 0.002 -24"><span class='ocrx_word' id='word_1_160' title='bbox 127 2377 203 2439; x_wconf 89' lang='lat' dir='ltr'><strong>quae</strong></span> <span class='ocrx_word' id='word_1_161' title='bbox 234 2355 294 2420; x_wconf 84' lang='lat' dir='ltr'><strong>diis</strong></span> <span class='ocrx_word' id='word_1_162' title='bbox 325 2364 415 2441; x_wconf 84' lang='lat' dir='ltr'><strong>grata</strong></span> <span class='ocrx_word' id='word_1_163' title='bbox 446 2363 533 2436; x_wconf 84' lang='lat' dir='ltr'><strong>sunt,</strong></span> <span class='ocrx_word' id='word_1_164' title='bbox 565 2356 653 2420; x_wconf 92' lang='lat' dir='ltr'><strong>velut</strong></span> <span class='ocrx_word' id='word_1_165' title='bbox 687 2356 819 2442; x_wconf 85' lang='lat' dir='ltr'><strong>legimus</strong></span> <span class='ocrx_word' id='word_1_166' title='bbox 852 2356 891 2421; x_wconf 93' lang='lat' dir='ltr'><em>de</em></span> <span class='ocrx_word' id='word_1_167' title='bbox 914 2357 957 2421; x_wconf 87' lang='lat' dir='ltr'><em>Is.</em></span> <span class='ocrx_word' id='word_1_168' title='bbox 990 2364 1023 2421; x_wconf 91' lang='lat' dir='ltr'><strong>et</strong></span> <span class='ocrx_word' id='word_1_169' title='bbox 1050 2356 1134 2421; x_wconf 87' lang='lat' dir='ltr'><strong>Osir.</strong></span> <span class='ocrx_word' id='word_1_170' title='bbox 1157 2379 1225 2443; x_wconf 90' lang='lat' dir='ltr'><strong>cap.</strong></span> <span class='ocrx_word' id='word_1_171' title='bbox 1250 2361 1288 2422; x_wconf 84' lang='lat'><em>2:</em></span> 
     </span>
     <span class='ocr_line' id='line_1_22' title="bbox 129 2454 1288 2553; baseline 0.004 -26"><span class='ocrx_word' id='word_1_172' title='bbox 129 2454 183 2545; x_wconf 82' lang='grc' dir='ltr'><em>ούχ</em></span> <span class='ocrx_word' id='word_1_173' title='bbox 203 2459 312 2552; x_wconf 83' lang='grc' dir='ltr'><em>ήκιστα</em></span> <span class='ocrx_word' id='word_1_174' title='bbox 342 2464 379 2530; x_wconf 83' lang='grc' dir='ltr'><em>δέ</em></span> <span class='ocrx_word' id='word_1_175' title='bbox 401 2467 441 2553; x_wconf 79' lang='grc' dir='ltr'><em>τῇ</em></span> <span class='ocrx_word' id='word_1_176' title='bbox 462 2467 533 2552; x_wconf 74' lang='grc' dir='ltr'><em>θεῷ</em></span> <span class='ocrx_word' id='word_1_177' title='bbox 554 2462 652 2553; x_wconf 77' lang='grc' dir='ltr'><em>ταύτῃ</em></span> <span class='ocrx_word' id='word_1_178' title='bbox 680 2464 904 2552; x_wconf 71' lang='grc' dir='ltr'><em>κεχαρισμένον</em></span> <span class='ocrx_word' id='word_1_179' title='bbox 932 2471 965 2527; x_wconf 86' lang='lat' dir='ltr'><strong>et</strong></span> <span class='ocrx_word' id='word_1_180' title='bbox 986 2486 1054 2550; x_wconf 87' lang='lat' dir='ltr'><strong>cap.</strong></span> <span class='ocrx_word' id='word_1_181' title='bbox 1081 2467 1140 2529; x_wconf 87' lang='lat' dir='ltr'><em>ll:</em></span> <span class='ocrx_word' id='word_1_182' title='bbox 1179 2470 1235 2532; x_wconf 81' lang='grc' dir='ltr'><em>τοῦ</em></span> <span class='ocrx_word' id='word_1_183' title='bbox 1258 2457 1288 2531; x_wconf 72' lang='grc' dir='ltr'><em>δ’</em></span> 
     </span>
     <span class='ocr_line' id='line_1_23' title="bbox 129 2563 1290 2663; baseline 0.003 -28"><span class='ocrx_word' id='word_1_184' title='bbox 129 2563 235 2662; x_wconf 84' lang='grc' dir='ltr'><em>άληθή</em></span> <span class='ocrx_word' id='word_1_185' title='bbox 254 2568 350 2653; x_wconf 86' lang='grc' dir='ltr'><em>δόξαν</em></span> <span class='ocrx_word' id='word_1_186' title='bbox 375 2567 456 2654; x_wconf 82' lang='grc' dir='ltr'><em>έχειν</em></span> <span class='ocrx_word' id='word_1_187' title='bbox 478 2570 556 2660; x_wconf 82' lang='grc' dir='ltr'><em>περὶ</em></span> <span class='ocrx_word' id='word_1_188' title='bbox 571 2572 661 2638; x_wconf 81' lang='grc' dir='ltr'><em>θεῶν</em></span> <span class='ocrx_word' id='word_1_189' title='bbox 676 2571 776 2662; x_wconf 79' lang='grc' dir='ltr'><em>μηδὲν</em></span> <span class='ocrx_word' id='word_1_190' title='bbox 792 2569 920 2661; x_wconf 82' lang='grc' dir='ltr'><em>οἰομένη</em></span> <span class='ocrx_word' id='word_1_191' title='bbox 939 2573 1061 2657; x_wconf 81' lang='grc' dir='ltr'><em>μᾶλλον</em></span> <span class='ocrx_word' id='word_1_192' title='bbox 1085 2564 1196 2652; x_wconf 82' lang='grc' dir='ltr'><em>αύτοῖς</em></span> <span class='ocrx_word' id='word_1_193' title='bbox 1210 2571 1290 2663; x_wconf 91' lang='grc' dir='ltr'><em>μήτε</em></span> 
     </span>
     <span class='ocr_line' id='line_1_24' title="bbox 123 2669 1288 2768; baseline 0 -25"><span class='ocrx_word' id='word_1_194' title='bbox 123 2673 248 2760; x_wconf 87' lang='grc' dir='ltr'><em>θύσειν,</em></span> <span class='ocrx_word' id='word_1_195' title='bbox 270 2669 351 2768; x_wconf 92' lang='grc' dir='ltr'><em>μήτε</em></span> <span class='ocrx_word' id='word_1_196' title='bbox 373 2676 524 2767; x_wconf 84' lang='grc' dir='ltr'><em>ποιήσειν</em></span> <span class='ocrx_word' id='word_1_197' title='bbox 548 2678 771 2767; x_wconf 88' lang='grc' dir='ltr'><em>κεχαρισμένον</em></span> <span class='ocrx_word' id='word_1_198' title='bbox 801 2676 896 2742; x_wconf 87' lang='lat' dir='ltr'><strong>etde</strong></span> <span class='ocrx_word' id='word_1_199' title='bbox 919 2679 991 2742; x_wconf 93' lang='lat' dir='ltr'><strong>mul.</strong></span> <span class='ocrx_word' id='word_1_200' title='bbox 1015 2678 1086 2742; x_wconf 92' lang='lat' dir='ltr'><strong>virt.</strong></span> <span class='ocrx_word' id='word_1_201' title='bbox 1115 2679 1149 2741; x_wconf 92' lang='lat' dir='ltr'><em>in</em></span> <span class='ocrx_word' id='word_1_202' title='bbox 1171 2702 1288 2764; x_wconf 86' lang='lat' dir='ltr'><strong>proem.</strong></span> 
     </span>
     <span class='ocr_line' id='line_1_25' title="bbox 119 2780 1287 2875; baseline 0.006 -28"><span class='ocrx_word' id='word_1_203' title='bbox 119 2785 322 2848; x_wconf 90' lang='lat' dir='ltr'><strong>coniunctum</strong></span> <span class='ocrx_word' id='word_1_204' title='bbox 346 2786 427 2849; x_wconf 89' lang='lat' dir='ltr'><strong>sicut</strong></span> <span class='ocrx_word' id='word_1_205' title='bbox 448 2785 481 2848; x_wconf 92' lang='lat' dir='ltr'><em>in</em></span> <span class='ocrx_word' id='word_1_206' title='bbox 513 2785 632 2850; x_wconf 87' lang='lat' dir='ltr'><strong>scholio</strong></span> <span class='ocrx_word' id='word_1_207' title='bbox 664 2808 735 2850; x_wconf 86' lang='lat' dir='ltr'><em>cum</em></span> <span class='ocrx_word' id='word_1_208' title='bbox 767 2785 983 2869; x_wconf 83' lang='grc' dir='ltr'><em>στοχάζεσθαι</em></span> <span class='ocrx_word' id='word_1_209' title='bbox 1006 2812 1014 2850; x_wconf 87' lang='lat'><strong>:</strong></span> <span class='ocrx_word' id='word_1_210' title='bbox 1039 2780 1082 2867; x_wconf 79' lang='grc' dir='ltr'><em>ὡς</em></span> <span class='ocrx_word' id='word_1_211' title='bbox 1113 2792 1171 2854; x_wconf 81' lang='grc' dir='ltr'><em>τοῦ</em></span> <span class='ocrx_word' id='word_1_212' title='bbox 1196 2786 1287 2875; x_wconf 87' lang='grc' dir='ltr'><em>χαρί-</em></span> 
     </span>
     <span class='ocr_line' id='line_1_26' title="bbox 117 2888 1289 2984; baseline 0.002 -25"><span class='ocrx_word' id='word_1_213' title='bbox 117 2892 236 2973; x_wconf 86' lang='grc' dir='ltr'><em>ζεσθαι</em></span> <span class='ocrx_word' id='word_1_214' title='bbox 264 2892 321 2959; x_wconf 87' lang='grc' dir='ltr'><em>καί</em></span> <span class='ocrx_word' id='word_1_215' title='bbox 353 2899 556 2980; x_wconf 71' lang='grc' dir='ltr'><em>ψυχαγωγεῖν</em></span> <span class='ocrx_word' id='word_1_216' title='bbox 585 2897 708 2978; x_wconf 82' lang='grc' dir='ltr'><em>μᾶλλον</em></span> <span class='ocrx_word' id='word_1_217' title='bbox 739 2888 760 2984; x_wconf 71' lang='grc' dir='ltr'>ἢ</span> <span class='ocrx_word' id='word_1_218' title='bbox 791 2898 850 2961; x_wconf 80' lang='grc' dir='ltr'><em>τού</em></span> <span class='ocrx_word' id='word_1_219' title='bbox 880 2892 1014 2961; x_wconf 90' lang='grc' dir='ltr'><em>πείθειν</em></span> <span class='ocrx_word' id='word_1_220' title='bbox 1045 2891 1289 2979; x_wconf 81' lang='grc' dir='ltr'><em>στοχαζόμενος,·</em></span> 
     </span>
     <span class='ocr_line' id='line_1_27' title="bbox 115 2996 1288 3089; baseline 0 -25"><span class='ocrx_word' id='word_1_221' title='bbox 115 2996 236 3064; x_wconf 91' lang='lat' dir='ltr'><strong>deinde</strong></span> <span class='ocrx_word' id='word_1_222' title='bbox 263 2997 389 3063; x_wconf 87' lang='lat' dir='ltr'><strong>dicendi</strong></span> <span class='ocrx_word' id='word_1_223' title='bbox 410 2998 544 3063; x_wconf 89' lang='lat' dir='ltr'><strong>formula</strong></span> <span class='ocrx_word' id='word_1_224' title='bbox 565 2998 641 3086; x_wconf 73' lang='grc' dir='ltr'><em>μήτε</em></span> <span class='ocrx_word' id='word_1_225' title='bbox 667 3026 701 3089; x_wconf 96' lang='grc' dir='ltr'><em>γε</em></span> <span class='ocrx_word' id='word_1_226' title='bbox 725 2999 776 3084; x_wconf 83' lang='lat' dir='ltr'><strong>(ci.</strong></span> <span class='ocrx_word' id='word_1_227' title='bbox 799 3000 895 3083; x_wconf 87' lang='lat' dir='ltr'><strong>adn.);</strong></span> <span class='ocrx_word' id='word_1_228' title='bbox 925 3009 993 3064; x_wconf 92' lang='lat' dir='ltr'><strong>tum</strong></span> <span class='ocrx_word' id='word_1_229' title='bbox 1020 3001 1060 3065; x_wconf 89' lang='lat' dir='ltr'><strong>ab</strong></span> <span class='ocrx_word' id='word_1_230' title='bbox 1087 3023 1149 3064; x_wconf 92' lang='lat' dir='ltr'><strong>una</strong></span> <span class='ocrx_word' id='word_1_231' title='bbox 1177 3000 1216 3064; x_wconf 90' lang='lat' dir='ltr'><strong>ad</strong></span> <span class='ocrx_word' id='word_1_232' title='bbox 1244 3001 1288 3065; x_wconf 91' lang='lat' dir='ltr'><strong>al-</strong></span> 
     </span>
    </p>
   </div>
   <div class='ocr_carea' id='block_1_4' title="bbox 227 3196 1287 3267">
    <p class='ocr_par' dir='ltr' id='par_1_4' title="bbox 227 3196 1287 3267">
     <span class='ocr_line' id='line_1_28' title="bbox 227 3196 1287 3267; baseline 0.003 -18"><span class='ocrx_word' id='word_1_233' title='bbox 227 3196 238 3225; x_wconf 86' lang='lat'>¹</span> <span class='ocrx_word' id='word_1_234' title='bbox 257 3196 339 3263; x_wconf 78' lang='lat' dir='ltr'><strong>Quod</strong></span> <span class='ocrx_word' id='word_1_235' title='bbox 362 3196 536 3251; x_wconf 86' lang='lat' dir='ltr'><strong>scribendum</strong></span> <span class='ocrx_word' id='word_1_236' title='bbox 555 3197 664 3251; x_wconf 89' lang='lat' dir='ltr'><strong>videtur</strong></span> <span class='ocrx_word' id='word_1_237' title='bbox 687 3215 736 3267; x_wconf 90' lang='lat' dir='ltr'><strong>pro</strong></span> <span class='ocrx_word' id='word_1_238' title='bbox 758 3197 795 3267; x_wconf 83' lang='grc' dir='ltr'><em>μὴ</em></span> <span class='ocrx_word' id='word_1_239' title='bbox 815 3199 897 3267; x_wconf 83' lang='grc' dir='ltr'><em>ὅτιγε;</em></span> <span class='ocrx_word' id='word_1_240' title='bbox 923 3198 960 3253; x_wconf 87' lang='lat' dir='ltr'><em>cf·</em></span> <span class='ocrx_word' id='word_1_241' title='bbox 977 3198 1012 3252; x_wconf 88' lang='lat' dir='ltr'><em>de</em></span> <span class='ocrx_word' id='word_1_242' title='bbox 1029 3198 1082 3252; x_wconf 80' lang='lat' dir='ltr'><strong>fac.</strong></span> <span class='ocrx_word' id='word_1_243' title='bbox 1102 3197 1131 3251; x_wconf 91' lang='lat' dir='ltr'><em>in</em></span> <span class='ocrx_word' id='word_1_244' title='bbox 1154 3197 1211 3252; x_wconf 89' lang='lat' dir='ltr'><strong>orb.</strong></span> <span class='ocrx_word' id='word_1_245' title='bbox 1230 3198 1287 3253; x_wconf 88' lang='lat' dir='ltr'><strong>lun.</strong></span> 
     </span>
    </p>
   </div>
   <div class='ocr_carea' id='block_1_5' title="bbox 21 3284 1287 3365">
    <p class='ocr_par' dir='ltr' id='par_1_5' title="bbox 21 3284 1287 3365">
     <span class='ocr_line' id='line_1_29' title="bbox 21 3284 1287 3365; baseline 0.001 -25"><span class='ocrx_word' id='word_1_246' title='bbox 21 3359 24 3365; x_wconf 71' lang='lat'><em>,</em></span> <span class='ocrx_word' id='word_1_247' title='bbox 112 3304 176 3357; x_wconf 86' lang='lat' dir='ltr'><strong>cap.</strong></span> <span class='ocrx_word' id='word_1_248' title='bbox 188 3288 218 3340; x_wconf 85' lang='lat'><em>5:</em></span> <span class='ocrx_word' id='word_1_249' title='bbox 239 3285 255 3354; x_wconf 84' lang='grc' dir='ltr'><em>ἦ</em></span> <span class='ocrx_word' id='word_1_250' title='bbox 275 3284 304 3338; x_wconf 86' lang='grc' dir='ltr'><em>δὲ</em></span> <span class='ocrx_word' id='word_1_251' title='bbox 322 3286 392 3355; x_wconf 83' lang='grc' dir='ltr'><em>ῥύμη</em></span> <span class='ocrx_word' id='word_1_252' title='bbox 411 3287 457 3340; x_wconf 87' lang='grc' dir='ltr'><em>καὶ</em></span> <span class='ocrx_word' id='word_1_253' title='bbox 476 3286 519 3340; x_wconf 91' lang='grc' dir='ltr'><em>τδν</em></span> <span class='ocrx_word' id='word_1_254' title='bbox 537 3287 565 3340; x_wconf 79' lang='grc' dir='ltr'><em>ἓν</em></span> <span class='ocrx_word' id='word_1_255' title='bbox 582 3288 667 3345; x_wconf 83' lang='grc' dir='ltr'><em>λίδοις</em></span> <span class='ocrx_word' id='word_1_256' title='bbox 685 3287 749 3355; x_wconf 85' lang='grc' dir='ltr'><em>ἀέρα</em></span> <span class='ocrx_word' id='word_1_257' title='bbox 767 3287 813 3340; x_wconf 87' lang='grc' dir='ltr'><em>καὶ</em></span> <span class='ocrx_word' id='word_1_258' title='bbox 832 3287 875 3341; x_wconf 87' lang='grc' dir='ltr'><em>τὸν</em></span> <span class='ocrx_word' id='word_1_259' title='bbox 893 3288 921 3341; x_wconf 83' lang='grc' dir='ltr'><em>ἒν</em></span> <span class='ocrx_word' id='word_1_260' title='bbox 939 3296 1038 3357; x_wconf 81' lang='grc' dir='ltr'><em>ψυχρῷ</em></span> <span class='ocrx_word' id='word_1_261' title='bbox 1056 3289 1176 3357; x_wconf 82' lang='grc' dir='ltr'><em>μολίβδῳ</em></span> <span class='ocrx_word' id='word_1_262' title='bbox 1195 3308 1287 3342; x_wconf 85' lang='grc' dir='ltr'><em>συνεκ-</em></span> 
     </span>
    </p>
   </div>
   <div class='ocr_carea' id='block_1_6' title="bbox 111 3374 1287 3984">
    <p class='ocr_par' dir='ltr' id='par_1_6' title="bbox 111 3374 1287 3625">
     <span class='ocr_line' id='line_1_30' title="bbox 111 3374 1287 3448; baseline 0.001 -19"><span class='ocrx_word' id='word_1_263' title='bbox 111 3377 185 3441; x_wconf 68' lang='grc' dir='ltr'><em>κάει,</em></span> <span class='ocrx_word' id='word_1_264' title='bbox 204 3375 267 3444; x_wconf 85' lang='grc' dir='ltr'><em>μήτι</em></span> <span class='ocrx_word' id='word_1_265' title='bbox 282 3396 310 3444; x_wconf 92' lang='grc' dir='ltr'><em>γε</em></span> <span class='ocrx_word' id='word_1_266' title='bbox 324 3374 357 3445; x_wconf 87' lang='grc' dir='ltr'><em>δὴ</em></span> <span class='ocrx_word' id='word_1_267' title='bbox 376 3376 420 3429; x_wconf 90' lang='grc' dir='ltr'><em>τδν</em></span> <span class='ocrx_word' id='word_1_268' title='bbox 433 3376 461 3429; x_wconf 81' lang='grc' dir='ltr'><em>ἓν</em></span> <span class='ocrx_word' id='word_1_269' title='bbox 474 3376 537 3444; x_wconf 88' lang='grc' dir='ltr'><em>πυρὶ</em></span> <span class='ocrx_word' id='word_1_270' title='bbox 556 3377 707 3444; x_wconf 84' lang='grc' dir='ltr'><em>δινούμενον</em></span> <span class='ocrx_word' id='word_1_271' title='bbox 720 3376 784 3444; x_wconf 88' lang='grc' dir='ltr'><em>μετὰ</em></span> <span class='ocrx_word' id='word_1_272' title='bbox 803 3378 897 3446; x_wconf 88' lang='grc' dir='ltr'><em>τάχους</em></span> <span class='ocrx_word' id='word_1_273' title='bbox 916 3378 1039 3431; x_wconf 86' lang='grc' dir='ltr'><em>τοσούτου</em></span> <span class='ocrx_word' id='word_1_274' title='bbox 1053 3382 1082 3431; x_wconf 80' lang='lat' dir='ltr'><strong>et</strong></span> <span class='ocrx_word' id='word_1_275' title='bbox 1095 3383 1177 3431; x_wconf 86' lang='lat' dir='ltr'><strong>amat.</strong></span> <span class='ocrx_word' id='word_1_276' title='bbox 1188 3395 1247 3448; x_wconf 83' lang='lat' dir='ltr'><strong>cap.</strong></span> <span class='ocrx_word' id='word_1_277' title='bbox 1257 3380 1287 3432; x_wconf 89' lang='lat'><em>8:</em></span> 
     </span>
     <span class='ocr_line' id='line_1_31' title="bbox 112 3463 1287 3536; baseline 0 -17"><span class='ocrx_word' id='word_1_278' title='bbox 112 3467 180 3535; x_wconf 81' lang='grc' dir='ltr'><em>ἐρᾶν</em></span> <span class='ocrx_word' id='word_1_279' title='bbox 200 3463 230 3518; x_wconf 84' lang='grc' dir='ltr'><em>δὲ</em></span> <span class='ocrx_word' id='word_1_280' title='bbox 249 3464 404 3532; x_wconf 82' lang='grc' dir='ltr'><em>φάσκουσαν</em></span> <span class='ocrx_word' id='word_1_281' title='bbox 422 3474 533 3534; x_wconf 86' lang='grc' dir='ltr'><em>γυναῖκα</em></span> <span class='ocrx_word' id='word_1_282' title='bbox 552 3475 644 3535; x_wconf 78' lang='grc' dir='ltr'><em>φυγεῖν</em></span> <span class='ocrx_word' id='word_1_283' title='bbox 662 3488 698 3526; x_wconf 84' lang='grc' dir='ltr'><em>τις</em></span> <span class='ocrx_word' id='word_1_284' title='bbox 717 3466 748 3520; x_wconf 80' lang='grc' dir='ltr'><em>ἂν</em></span> <span class='ocrx_word' id='word_1_285' title='bbox 767 3467 821 3536; x_wconf 84' lang='grc' dir='ltr'><em>ἔχοι</em></span> <span class='ocrx_word' id='word_1_286' title='bbox 840 3468 886 3520; x_wconf 86' lang='grc' dir='ltr'><em>καὶ</em></span> <span class='ocrx_word' id='word_1_287' title='bbox 903 3469 1070 3536; x_wconf 77' lang='grc' dir='ltr'><em>βδελυχθείη,</em></span> <span class='ocrx_word' id='word_1_288' title='bbox 1088 3468 1150 3535; x_wconf 86' lang='grc' dir='ltr'><em>μήτι</em></span> <span class='ocrx_word' id='word_1_289' title='bbox 1167 3488 1194 3536; x_wconf 92' lang='grc' dir='ltr'><em>γε</em></span> <span class='ocrx_word' id='word_1_290' title='bbox 1212 3468 1287 3536; x_wconf 83' lang='grc' dir='ltr'><em>λάβοι</em></span> 
     </span>
     <span class='ocr_line' id='line_1_32' title="bbox 111 3554 856 3625; baseline -0.001 -16"><span class='ocrx_word' id='word_1_291' title='bbox 111 3556 204 3625; x_wconf 86' lang='grc' dir='ltr'><em>γάμου</em></span> <span class='ocrx_word' id='word_1_292' title='bbox 223 3554 397 3622; x_wconf 87' lang='grc' dir='ltr'><em>ποιησάμενος</em></span> <span class='ocrx_word' id='word_1_293' title='bbox 415 3555 500 3624; x_wconf 84' lang='grc' dir='ltr'><em>ἀρχὴν</em></span> <span class='ocrx_word' id='word_1_294' title='bbox 518 3555 565 3625; x_wconf 84' lang='grc' dir='ltr'><em>τὴν</em></span> <span class='ocrx_word' id='word_1_295' title='bbox 583 3557 702 3625; x_wconf 86' lang='grc' dir='ltr'><em>τοιαύτην</em></span> <span class='ocrx_word' id='word_1_296' title='bbox 720 3557 856 3625; x_wconf 85' lang='grc' dir='ltr'><em>ἀκρασίαν.</em></span> 
     </span>
    </p>

    <p class='ocr_par' dir='ltr' id='par_1_7' title="bbox 229 3642 1012 3717">
     <span class='ocr_line' id='line_1_33' title="bbox 229 3642 1012 3717; baseline 0.004 -20"><span class='ocrx_word' id='word_1_297' title='bbox 229 3643 239 3672; x_wconf 74' lang='lat'><strong>²</strong></span> <span class='ocrx_word' id='word_1_298' title='bbox 256 3643 425 3712; x_wconf 80' lang='lat' dir='ltr'><strong>Volkmann,</strong></span> <span class='ocrx_word' id='word_1_299' title='bbox 444 3642 620 3715; x_wconf 82' lang='lat' dir='ltr'><strong>Philosophia</strong></span> <span class='ocrx_word' id='word_1_300' title='bbox 639 3646 687 3700; x_wconf 89' lang='lat' dir='ltr'><em>des</em></span> <span class='ocrx_word' id='word_1_301' title='bbox 705 3645 838 3701; x_wconf 90' lang='lat' dir='ltr'><strong>Plutarch</strong></span> <span class='ocrx_word' id='word_1_302' title='bbox 855 3664 881 3716; x_wconf 90' lang='lat' dir='ltr'><em>p.</em></span> <span class='ocrx_word' id='word_1_303' title='bbox 902 3647 937 3700; x_wconf 85' lang='grc'><em>14</em></span> <span class='ocrx_word' id='word_1_304' title='bbox 954 3664 1012 3717; x_wconf 89' lang='lat' dir='ltr'><strong>sqq.</strong></span> 
     </span>
    </p>

    <p class='ocr_par' dir='ltr' id='par_1_8' title="bbox 111 3730 1286 3984">
     <span class='ocr_line' id='line_1_34' title="bbox 228 3730 1286 3808; baseline 0.004 -20"><span class='ocrx_word' id='word_1_305' title='bbox 228 3730 239 3761; x_wconf 82' lang='lat'><strong>⁸</strong></span> <span class='ocrx_word' id='word_1_306' title='bbox 257 3731 403 3804; x_wconf 81' lang='lat' dir='ltr'><strong>Seh&#39;gimus</strong></span> <span class='ocrx_word' id='word_1_307' title='bbox 422 3752 457 3788; x_wconf 86' lang='lat' dir='ltr'><em>ex</em></span> <span class='ocrx_word' id='word_1_308' title='bbox 469 3752 584 3790; x_wconf 90' lang='lat' dir='ltr'><strong>numero</strong></span> <span class='ocrx_word' id='word_1_309' title='bbox 602 3753 751 3808; x_wconf 84' lang='lat' dir='ltr'><strong>permagno</strong></span> <span class='ocrx_word' id='word_1_310' title='bbox 765 3753 853 3790; x_wconf 91' lang='lat' dir='ltr'><strong>unum</strong></span> <span class='ocrx_word' id='word_1_311' title='bbox 869 3736 1027 3806; x_wconf 82' lang='lat' dir='ltr'><strong>exemplum</strong></span> <span class='ocrx_word' id='word_1_312' title='bbox 1045 3735 1140 3791; x_wconf 69' lang='lat' dir='ltr'><strong>simile</strong></span> <span class='ocrx_word' id='word_1_313' title='bbox 1154 3738 1286 3808; x_wconf 85' lang='lat' dir='ltr'><strong>quodam-</strong></span> 
     </span>
     <span class='ocr_line' id='line_1_35' title="bbox 111 3822 1286 3896; baseline 0.002 -17"><span class='ocrx_word' id='word_1_314' title='bbox 111 3823 210 3890; x_wconf 87' lang='lat' dir='ltr'><strong>mode,</strong></span> <span class='ocrx_word' id='word_1_315' title='bbox 231 3822 305 3892; x_wconf 90' lang='lat' dir='ltr'><strong>quod</strong></span> <span class='ocrx_word' id='word_1_316' title='bbox 323 3822 424 3895; x_wconf 80' lang='lat' dir='ltr'><strong>legitur</strong></span> <span class='ocrx_word' id='word_1_317' title='bbox 442 3824 476 3878; x_wconf 88' lang='lat' dir='ltr'><em>de</em></span> <span class='ocrx_word' id='word_1_318' title='bbox 495 3824 568 3878; x_wconf 86' lang='lat' dir='ltr'><strong>adul.</strong></span> <span class='ocrx_word' id='word_1_319' title='bbox 588 3830 616 3878; x_wconf 89' lang='lat' dir='ltr'><strong>et</strong></span> <span class='ocrx_word' id='word_1_320' title='bbox 635 3825 712 3880; x_wconf 89' lang='lat' dir='ltr'><strong>amic.</strong></span> <span class='ocrx_word' id='word_1_321' title='bbox 737 3842 796 3896; x_wconf 89' lang='lat' dir='ltr'><strong>cap.</strong></span> <span class='ocrx_word' id='word_1_322' title='bbox 816 3826 862 3880; x_wconf 84' lang='lat'><em>32:</em></span> <span class='ocrx_word' id='word_1_323' title='bbox 889 3827 903 3879; x_wconf 84' lang='grc' dir='ltr'><em>ὃ</em></span> <span class='ocrx_word' id='word_1_324' title='bbox 924 3834 987 3894; x_wconf 83' lang='grc' dir='ltr'><em>γοῦν</em></span> <span class='ocrx_word' id='word_1_325' title='bbox 1005 3827 1120 3879; x_wconf 84' lang='grc' dir='ltr'><em>Πλάτων</em></span> <span class='ocrx_word' id='word_1_326' title='bbox 1138 3828 1207 3896; x_wconf 83' lang='grc' dir='ltr'><em>ἔλεγε</em></span> <span class='ocrx_word' id='word_1_327' title='bbox 1225 3849 1286 3881; x_wconf 87' lang='grc' dir='ltr'><em>νου-</em></span> 
     </span>
     <span class='ocr_line' id='line_1_36' title="bbox 112 3913 1285 3984; baseline 0 -16"><span class='ocrx_word' id='word_1_328' title='bbox 112 3915 204 3968; x_wconf 83' lang='grc' dir='ltr'><em>θετεῖν</em></span> <span class='ocrx_word' id='word_1_329' title='bbox 230 3920 267 3980; x_wconf 81' lang='grc' dir='ltr'><em>τῷ</em></span> <span class='ocrx_word' id='word_1_330' title='bbox 291 3914 344 3981; x_wconf 89' lang='grc' dir='ltr'><em>βίῳ</em></span> <span class='ocrx_word' id='word_1_331' title='bbox 370 3913 413 3966; x_wconf 83' lang='grc' dir='ltr'><em>τὸν</em></span> <span class='ocrx_word' id='word_1_332' title='bbox 437 3915 620 3968; x_wconf 85' lang='grc' dir='ltr'><em>Σπεύσιππον·</em></span> <span class='ocrx_word' id='word_1_333' title='bbox 646 3918 734 3983; x_wconf 81' lang='grc' dir='ltr'><em>ὥσπερ</em></span> <span class='ocrx_word' id='word_1_334' title='bbox 760 3916 847 3984; x_wconf 86' lang='grc' dir='ltr'><em>ἀμέλει</em></span> <span class='ocrx_word' id='word_1_335' title='bbox 873 3915 919 3969; x_wconf 86' lang='grc' dir='ltr'><em>καὶ</em></span> <span class='ocrx_word' id='word_1_336' title='bbox 944 3916 1092 3983; x_wconf 86' lang='grc' dir='ltr'><em>Πολέμωνα</em></span> <span class='ocrx_word' id='word_1_337' title='bbox 1120 3917 1285 3984; x_wconf 86' lang='grc' dir='ltr'><em>Ξενοκράτης</em></span> 
     </span>
    </p>
   </div>
   <div class='ocr_carea' id='block_1_7' title="bbox 112 4002 1284 4075">
    <p class='ocr_par' dir='ltr' id='par_1_9' title="bbox 112 4002 1284 4075">
     <span class='ocr_line' id='line_1_37' title="bbox 112 4002 1284 4075; baseline 0.003 -19"><span class='ocrx_word' id='word_1_338' title='bbox 112 4002 212 4072; x_wconf 76' lang='grc' dir='ltr'><em>ὀφθεὶς</em></span> <span class='ocrx_word' id='word_1_339' title='bbox 230 4003 312 4070; x_wconf 89' lang='grc' dir='ltr'><em>μόνον</em></span> <span class='ocrx_word' id='word_1_340' title='bbox 330 4002 357 4056; x_wconf 82' lang='grc' dir='ltr'><em>έν</em></span> <span class='ocrx_word' id='word_1_341' title='bbox 375 4011 406 4072; x_wconf 82' lang='grc' dir='ltr'><em>τῇ</em></span> <span class='ocrx_word' id='word_1_342' title='bbox 426 4004 547 4073; x_wconf 80' lang='grc' dir='ltr'><em>διατριβῇ</em></span> <span class='ocrx_word' id='word_1_343' title='bbox 565 4004 611 4056; x_wconf 83' lang='grc' dir='ltr'><em>καί</em></span> <span class='ocrx_word' id='word_1_344' title='bbox 637 4005 790 4075; x_wconf 79' lang='grc' dir='ltr'><em>ἀποβλέψας</em></span> <span class='ocrx_word' id='word_1_345' title='bbox 808 4005 873 4075; x_wconf 82' lang='grc' dir='ltr'><em>πρὸς</em></span> <span class='ocrx_word' id='word_1_346' title='bbox 897 4005 975 4059; x_wconf 83' lang='grc' dir='ltr'><em>αὐτὸν</em></span> <span class='ocrx_word' id='word_1_347' title='bbox 994 4004 1121 4075; x_wconf 77' lang='grc' dir='ltr'><em>ἐτρέψατο</em></span> <span class='ocrx_word' id='word_1_348' title='bbox 1140 4006 1186 4059; x_wconf 84' lang='grc' dir='ltr'><em>καὶ</em></span> <span class='ocrx_word' id='word_1_349' title='bbox 1211 4006 1284 4074; x_wconf 85' lang='grc' dir='ltr'><em>μετέ-</em></span> 
     </span>
    </p>
   </div>
   <div class='ocr_carea' id='block_1_8' title="bbox 114 4094 212 4162">
    <p class='ocr_par' dir='ltr' id='par_1_10' title="bbox 114 4094 212 4162">
     <span class='ocr_line' id='line_1_38' title="bbox 114 4094 212 4162; baseline -0.01 -16"><span class='ocrx_word' id='word_1_350' title='bbox 114 4094 212 4162; x_wconf 58' lang='lat' dir='ltr'><strong>cana.</strong></span> 
     </span>
    </p>
   </div>
   <div class='ocr_carea' id='block_1_9' title="bbox 0 0 1579 4832">
    <p class='ocr_par' dir='ltr' id='par_1_11' title="bbox 0 0 1579 4832">
     <span class='ocr_line' id='line_1_39' title="bbox 0 0 1579 4832; baseline 0 0"><span class='ocrx_word' id='word_1_351' title='bbox 0 0 1579 4832; x_wconf 95' lang='lat' dir='ltr'><em> </em></span> 
     </span>
    </p>
   </div>
  </div>
 </body>
</html>
