3146 4832
716 264 756 329 61

101 500 104 505 -
154 459 369 542 quaestionem
397 457 613 543 explicandem
646 459 786 523 conferre
818 480 984 545 possumus
1012 482 1104 545 quam
1132 483 1238 525 eorum
1266 461 1319 546 qui

153 573 287 650 possunt
308 564 477 628 Plutarcho
500 565 628 629 attribui
655 566 794 629 locorum
816 588 979 631 nnmerum
1006 569 1238 652 angustioribus
1261 570 1319 632 cir-

154 671 363 736 cumscribere
385 671 480 758 paulo
502 671 626 737 finibus.

260 777 401 842 Primum
424 778 507 843 enim
526 778 646 844 scholia
660 779 874 844 Alexandrina
889 782 1002 866 quibus
1018 803 1081 845 vox
1104 773 1209 863 ἄλλως
1231 804 1320 868 prae-

154 887 216 949 fixa
247 892 297 949 est
323 907 342 949 a
368 884 481 950 Proclo
510 895 543 950 et
564 885 732 951 Plutarcho
764 889 930 951 maximam
961 895 1082 974 partem
1114 889 1215 954 aliena
1246 899 1320 953 sunt

156 989 343 1074 censenda1,
366 1014 438 1057 cum
453 1015 491 1057 ea
513 1015 532 1057 a
550 994 760 1079 compositore
776 993 964 1059 scholiorum
987 1004 1042 1059 aut
1056 995 1096 1059 ab
1119 995 1187 1060 aliis
1209 1003 1321 1081 postea

42 1137 44 1141 ·
154 1097 261 1163 addita
284 1120 353 1164 esse
377 1109 533 1186 appareat.
573 1099 665 1165 Idem
689 1100 774 1165 cadit
796 1101 828 1164 in
851 1101 1068 1166 adnotationes
1092 1103 1168 1166 satis
1200 1103 1319 1167 ieiunas

154 1229 233 1292 quae
260 1206 414 1292 incipiunt
440 1229 459 1271 a
481 1206 586 1272 verbis
610 1213 740 1299 σημεῖον
763 1204 815 1276 ὅτι
838 1208 890 1272 vel
912 1207 1125 1301 σεσημείωται
1148 1203 1197 1277 ὅτι
1228 1219 1261 1274 61
1287 1212 1320 1273 in

155 1336 208 1378 cas
225 1313 338 1399 quibus
362 1313 420 1377 hae
443 1322 536 1379 notae
559 1313 770 1379 restituendae
793 1322 875 1395 sunt,
898 1337 970 1379 cum
992 1338 1031 1379 ne
1047 1316 1178 1380 verbum
1193 1314 1319 1401 quidem

154 1419 298 1485 additum
321 1422 363 1485 sit
384 1421 539 1507 probandi
562 1421 614 1486 vel
636 1421 842 1506 improbandi.
882 1421 1010 1507 Quippe
1032 1421 1220 1487 Plutarchus
1243 1423 1320 1487 alio-

154 1550 223 1591 rum
246 1526 362 1592 iudicia
384 1550 464 1613 quae
487 1528 642 1612 allegabat
669 1550 724 1592 cur
751 1528 811 1593 sibi
842 1529 1002 1614 placerent
1033 1537 1087 1593 aut
1118 1529 1320 1615 displicerent

152 1634 256 1699 fusius
280 1635 436 1721 explicare
459 1635 588 1700 solebat

260 1741 418 1821 Quoniam
450 1742 490 1806 (16
522 1740 696 1806 studiorum
728 1742 888 1807 Plutarchi
917 1742 1148 1807 Hesiodeorum
1180 1730 1319 1828 reliquiis

153 1872 233 1935 qnae
266 1851 299 1913 in
331 1848 458 1913 scholiis
490 1856 616 1914 exstant
646 1856 796 1934 quantum
830 1849 989 1935 potuimus
1022 1849 1183 1935 explorare
1216 1851 1319 1914 conati

154 1978 271 2035 sumus,
303 1978 385 2019 nnnc
416 1956 456 2021 de
483 1955 606 2020 illorum
635 1954 730 2020 modo
757 1979 795 2020 ac
810 2010 813 2015 .
826 1958 945 2020 ratione
977 1956 1021 2020 ita
1052 1956 1192 2021 dicemus
1219 1965 1256 2020 ut
1283 1979 1320 2021 ea

153 2086 277 2149 quoque
293 2085 372 2149 qnae
395 2065 427 2126 in
450 2065 549 2149 ipsius
565 2063 691 2148 scriptis
709 2064 817 2127 insunt
831 2062 990 2126 Plutarchi
1013 2062 1187 2127 studiorum
1202 2063 1320 2127 Hesio-

153 2169 284 2235 deorum
308 2170 442 2255 vestigia
463 2170 697 2255 perlustremus.
742 2169 833 2234 Haec
861 2178 964 2234 autem
994 2169 1107 2250 studia,
1129 2192 1209 2255 qnae
1232 2178 1264 2233 et
1287 2172 1319 2233 in

154 2276 347 2363 explicandis
371 2285 403 2341 et
430 2277 461 2340 in
485 2275 688 2341 emendandis
716 2277 820 2342 verbis
850 2285 961 2362 poetae
990 2279 1109 2362 posuit,
1139 2276 1319 2362 priusquam

154 2384 336 2469 singillatim
367 2382 605 2470 perpendamus
636 2406 733 2447 unum
764 2383 910 2448 universe
939 2383 979 2449 de
1003 2384 1049 2448 eis
1077 2383 1242 2448 dicendum
1271 2393 1320 2448 est

153 2490 239 2577 quod
262 2491 502 2577 reprehensione
526 2490 656 2576 dignum
671 2490 823 2570 videatur,
846 2490 1085 2555 inconstantiam
1114 2513 1257 2576 magnam
1286 2491 1318 2554 in

154 2600 199 2662 eis
222 2620 410 2684 comparere.
455 2596 588 2684 Saepius
620 2597 703 2662 enim
735 2597 820 2682 quod
851 2596 1000 2661 iudicium
1028 2597 1242 2682 qualecunque
1271 2605 1320 2661 est

154 2704 204 2769 bic
218 2704 298 2769 fecit
318 2705 382 2769 illic
397 2705 534 2790 neglegit
549 2704 735 2769 sententiam
757 2704 963 2790 pronuntians
978 2704 1135 2769 diversam
1158 2704 1203 2767 illi
1225 2712 1319 2789 atquo

153 2813 347 2877 contrariam.
388 2811 442 2877 Sic
464 2834 536 2898 opp.
559 2835 589 2876 v.
606 2814 669 2877 370
694 2810 850 2895 (Goettl.):

311 2916 432 3005 μισθὸς
454 2911 545 3007 ἀνδρὶ
568 2918 653 3009 φίλην
676 2917 839 3011 εἰρημένος
861 2912 972 3002 ὅρκιος
995 2916 1079 2985 ἔστω

153 3027 185 3089 in
208 3026 430 3090 commentario
453 3032 561 3089 contra
583 3024 661 3088 alios
684 3034 719 3087 ut
741 3023 937 3089 Hesiodeum
959 3023 1158 3088 retinendum
1179 3033 1288 3088 censet
1298 3030 1319 3104 ²,

153 3130 289 3197 eundem
312 3131 481 3197 Plutarcho
504 3130 662 3195 abiudicat
684 3131 716 3194 in
740 3133 795 3196 vit
817 3130 912 3195 Thes.
935 3153 1001 3217 cap.
1026 3135 1078 3196 33.

261 3239 346 3325 Opp.
369 3263 399 3304 v.
424 3242 487 3304 313
511 3237 665 3321 (Goettl.):
776 3242 779 3248 “

311 3345 444 3435 πλούτῳ
467 3340 497 3413 d'
521 3338 618 3436 ἇρεση
641 3345 697 3413 καὶ
720 3347 816 3431 κῦδος
838 3341 958 3438 ὀπηδεῖ

153 3451 194 3518 (16
218 3452 289 3518 aud.
311 3460 395 3540 poet
418 3475 485 3539 cap.
509 3454 528 3517 6
552 3454 597 3518 ita
618 3453 840 3539 interpretatur
861 3460 898 3516 ut
924 3445 1018 3542 ἀρετή
1040 3474 1097 3538 pro
1120 3452 1231 3536 gloria,
1262 3474 1320 3537 po-

261 3667 270 3697 ¹
289 3666 331 3721 Of.
351 3666 467 3737 Patzigii
485 3666 503 3720 l.
522 3666 539 3720 1.
559 3685 585 3737 p.
606 3668 647 3722 23.

261 3755 332 3810 ²Cf.
352 3755 440 3810 Procl.
459 3754 503 3809 ad.
522 3773 547 3810 v.
568 3758 634 3811 353:
660 3757 766 3816 τούτους
793 3756 823 3809 δέ
847 3777 912 3815 τινες
931 3757 1034 3824 στίχους
1053 3755 1119 3825 (scil.
1140 3756 1318 3824 37061371)

153 3845 291 3915 ἐξέβαλον.
311 3846 327 3897 ὅ
344 3845 374 3898 δὲ
391 3845 563 3912 Πλούταρχος
582 3845 701 3914 ἐγκρίνει.

260 3935 271 3965 ³
288 3934 340 3988 Καὶ
358 3935 420 4002 μίαν
438 3935 579 4002 γετούτων
592 3935 770 4004 γνωμολογίαν
787 3935 889 4003 ἐκείνην
907 3934 1008 4003 λέγουσι
1029 3935 1153 3995 Πιτθέως
1171 3933 1235 3987 εἶναι

311 4023 406 4092 μνσῦὁς
425 4022 530 4090 δ’ἀνδρὶ
549 4024 619 4091 φίλῳ
638 4023 772 4093 εἰρημένος
791 4025 883 4092 ἄρκιος
902 4025 976 4078 ἔστω.

152 4121 228 4168 τοῦτο
252 4111 300 4182 μὲν
318 4113 365 4168 οὖν
387 4113 433 4168 καὶ
449 4112 632 4183 Ἀριστοτέλης
650 4113 666 4167 ὁ
683 4114 829 4185 φιλόσοφος
847 4116 958 4187 εἴρηκεν.
