3146 4832
711 217 754 287 65

151 441 242 504 quam
267 418 348 503 grati
371 441 440 484 esse
467 440 683 504 memoresque
706 420 752 483 eis
779 417 929 483 iubemur.
974 417 1086 504 Itaque
1109 440 1128 482 a
1154 417 1315 483 Plutarchi

150 526 278 610 quidem
308 524 537 612 suspicionibus
564 525 755 590 hos-versus
778 524 993 590 defendendos
1026 547 1105 607 esse,
1136 525 1315 590 Hesiodeos

149 620 254 698 tamen
277 655 317 697 ne
340 656 397 698 nos
416 630 543 717 quidem
559 655 613 696 eos
628 641 774 718 putamus
790 641 956 718 propterea
971 631 1055 717 quod
1071 656 1123 697 vv.
1141 636 1313 698 327-382

41 806 44 812 ,
72 821 73 824 ¹
124 762 258 804 omnes
282 739 322 803 ab
344 738 489 805 Hesiodo
516 739 634 804 ahenos
658 761 728 804 esse
751 761 922 803 censemus.
967 739 1055 803 Nihil
1078 741 1160 803 enim
1184 737 1224 803 ad
1247 739 1316 803 He-

150 845 231 910 siodi
254 869 325 910 cum
347 846 443 910 fratre
465 868 532 911 rem
554 847 721 932 pertinent.

256 953 397 1020 Versum
421 956 484 1018 375
508 952 664 1037 (Goettl.):

309 1053 345 1141 ὃς
367 1061 403 1129 δὲ
427 1061 552 1148 γυναικὶ
575 1060 734 1144 πέποιθε,
759 1054 906 1128 πέποιθ’
931 1054 983 1149 ὅγε
1007 1059 1183 1152 φηλήτῃσιν

150 1190 206 1231 cur
221 1167 408 1231 Plutarchus
431 1168 501 1232 loeo
524 1169 643 1232 moveri
666 1167 801 1232 voluerit
831 1189 1017 1253 quamquam
1041 1189 1080 1231 ex
1103 1168 1230 1232 scholiis
1253 1191 1316 1232 non

149 1274 341 1359 intellegitur
354 1281 376 1358 1,
397 1262 501 1339 tamen
524 1297 544 1338 a
565 1296 642 1339 vero
664 1274 719 1338 vix
742 1274 953 1338 aberrabimus
986 1274 1171 1339 sententiam
1204 1297 1314 1340 versus

149 1382 313 1445 mulierum
340 1384 448 1467 generi
478 1403 571 1467 quam
600 1381 734 1446 maxime
765 1381 920 1446 infensam
950 1382 1042 1446 nimis
1066 1383 1095 1446 ei
1118 1381 1315 1468 displicuisse

150 1489 375 1553 existimantes.
412 1488 492 1552 Erat
514 1489 597 1552 enim
619 1490 697 1573 ipse,
720 1495 756 1552 ut
777 1488 929 1574 imprimis
953 1488 1127 1573 coniugalia
1148 1498 1315 1575 praecepta

149 1617 229 1680 quae
244 1596 421 1681 composuit
443 1593 566 1676 docent,
588 1617 700 1679 magna
722 1595 887 1660 mulierum
908 1596 1085 1660 reverentia
1107 1595 1254 1676 imbutus,
1272 1597 1317 1660 ita

66 1714 68 1716 ’
150 1711 186 1765 ut
207 1702 301 1766 talem
316 1703 378 1766 illis
394 1703 537 1766 iniuriam
552 1702 668 1766 illatam
692 1725 754 1766 non
772 1702 862 1767 facile
885 1710 1052 1788 pateretur.
1091 1701 1154 1767 Sed
1177 1703 1238 1767 hoc
1253 1725 1315 1767 non

134 1811 226 1873 'satis
249 1831 360 1874 causae
383 1818 449 1874 erat
476 1832 532 1874 cur
550 1820 661 1874 versus
684 1817 921 1895 expungeretur.
960 1809 1187 1875 Abiudicamus
1212 1818 1315 1875 tamen

149 1938 207 1980 nos
230 1912 353 2001 quoque
377 1939 448 1980 eum
471 1917 510 1981 ab
525 1914 669 1981 Hesiodo
693 1916 802 1981 eadem
825 1939 916 2003 quarn
940 1916 1034 1981 modo
1057 1916 1193 1981 diximus
1215 1939 1316 1982 eausa

255 2023 380 2091 Versus
405 2026 578 2088 rat-759
602 2023 756 2108 (Goettl.):

309 2123 469 2222 μηδέποτ’
494 2131 526 2197 ἐν
549 2135 676 2221 προχοῇ
697 2133 857 2216 ποταμῶν
880 2128 979 2199 ἅλαδε
1001 2131 1203 2220 προρεόντων

307 2239 382 2329 μηδ
407 2238 467 2320 ἐπὶ
489 2235 633 2330 κρηνάων
656 2230 769 2326 οὐρεῖν,
792 2237 881 2324 μάλα
904 2231 934 2304 d'
951 2240 1156 2324 ἐξαλέασθαι,

307 2346 382 2437 μηδ’
408 2341 646 2433 ἐναποψύχειν·
664 2341 707 2412 -τό
729 2341 789 2434 γὰρ
812 2338 901 2412 οὗτοι
924 2344 1022 2414 λιόιόν
1044 2347 1131 2414 ε’στιν

149 2450 339 2515 Plutarchus
364 2451 443 2515 viles
465 2458 499 2515 et
521 2449 668 2536 indignos
690 2459 781 2536 putat
803 2474 893 2516 musa
907 2452 1108 2534 Hesiodea23
1129 2452 1215 2539 quod
1232 2455 1316 2518 iusto

149 2559 296 2622 licentius
320 2559 444 2637 statuit3
466 2565 613 2643 poterant
635 2558 719 2622 enim
733 2557 869 2622 Hesiodi
892 2562 1005 2624 aetatis
1027 2559 1204 2625 hominibus
1226 2583 1316 2647 prae-

150 2673 242 2751 cepta
258 2665 322 2731 illa
349 2687 388 2729 ne
416 2663 579 2728 minimum
605 2664 733 2749 quidem
759 2664 864 2729 futilia
892 2664 1002 2731 videri.
1046 2667 1191 2753 Namque
1214 2669 1317 2732 solent

151 2773 302 2857 temporis
326 2770 462 2836 decursu
484 2772 597 2836 mutari
612 2771 773 2836 hominum
789 2772 952 2858 opiniones
969 2772 1009 2838 de
1025 2774 1070 2838 eis
1087 2776 1221 2838 maxime
1237 2797 1316 2860 quae

150 2878 261 2943 decere
285 2880 502 2947 existimantur
525 2880 577 2944 vel
600 2879 759 2945 dedecere.
805 2880 1003 2966 Quamquam
1027 2879 1172 2946 Hesiodo
1196 2904 1316 2946 nenos

151 2984 278 3071 quidem
295 3009 405 3051 versus
421 3010 440 3050 a
455 2986 624 3051 Plutarcho
640 2986 783 3072 culpatos
799 2987 974 3066 tribuimus,
997 2988 1070 3073 quia
1084 2987 1221 3053 Hesiodi
1237 3011 1316 3075 opus

150 3094 183 3157 in
208 3117 237 3159 v.
262 3095 327 3160 694
358 3095 451 3158 finem
483 3093 598 3158 habere
631 3115 804 3159 censemus.
849 3095 941 3172 Quae
973 3095 1057 3160 enim
1085 3105 1258 3180 sequuntur
1284 3098 1317 3159 in

151 3203 333 3267 universum
355 3200 442 3266 dieta
465 3220 534 3265 esse
557 3222 658 3285 neque
682 3200 723 3264 ad
744 3202 863 3266 Persen
886 3199 1038 3287 quadrare
1061 3211 1199 3289 apparet

260 3307 360 3373 Gravi
387 3308 482 3393 igitur
504 3308 582 3373 vitio
605 3308 766 3372 Plutarchi
794 3305 973 3399 διόρθωσιν
1001 3310 1194 3375 laboravisse
1216 3310 1318 3374 faten-

151 3413 228 3480 dum
253 3423 316 3494 est3
343 3438 405 3500 qua
432 3416 517 3481 enim
544 3418 680 3502 optimus
704 3417 836 3501 quisque
859 3416 985 3481 criticus
1008 3419 1142 3482 maxime
1165 3417 1317 3482 excellere

151 3522 247 3587 debet
269 3522 418 3587 facultate
441 3522 627 3608 penetrandi
655 3523 688 3586 in
710 3531 848 3587 mentem
875 3525 1036 3610 scriptoris
1060 3547 1195 3609 suasque
1218 3525 1317 3610 ipsius

151 3629 315 3715 opiniones
343 3629 452 3715 procul
477 3630 627 3711 habendi,
655 3653 693 3694 ea
714 3630 900 3696 Plutarchus
930 3654 1058 3719 prorsus
1081 3629 1317 3696 destituebatur.

261 3805 367 3861 ¹Nlhil
390 3807 457 3862 dicit
479 3808 567 3863 Procl.
581 3773 622 3862 ¹ad
644 3809 671 3863 h.
691 3827 716 3864 v.
735 3810 799 3863 nisi:
825 3817 916 3863 τοῦτον
933 3810 1105 3880 Πλούταρχος
1130 3810 1249 3881 χαράττει
1275 3809 1318 3862 τὸν

152 3899 247 3966 στίχον.

260 3987 353 4042 ²Vid.
373 3987 461 4042 Procl.
480 3987 516 4041 ad
541 3985 567 4042 h.
587 3988 618 4043 l.:
644 3998 722 4044 ταῦτα
746 3990 884 4060 διαγράφει
907 3991 1077 4062 Πλούταργος
1100 3990 1137 4049 ὡς
1160 3990 1251 4059 εὐτελῆ
1273 3989 1318 4043 καὶ

152 4076 246 4142 ἀνάξια
263 4080 432 4149 ααιδεντικῆς
449 4079 558 4149 μούσης.

1125 4191 1141 4245 5
