3146 4832
708 248 748 312 la

142 442 299 529 pudenter
318 443 493 528 exscripsit.
534 442 677 511 Vivebat
693 451 797 508 autem
817 443 942 508 saeculo
958 442 1144 509 duodecimo
1167 466 1225 508 nec
1247 445 1309 508 iam

142 550 299 635 integrum
326 549 431 614 Procli
463 551 720 615 commentarium
752 559 824 616 ante
852 551 959 615 oculos
991 550 1138 630 habebat,
1171 558 1308 615 attamen

142 657 343 742 integriorem
375 678 413 720 eo
446 678 539 741 quem
572 679 630 721 nos
663 679 745 720 nuno
777 657 942 735 habemus3
974 679 1067 742 quam
1096 679 1162 721 rem
1189 657 1309 743 primus

142 762 268 828 Usener
283 762 467 849 explanavit
483 763 543 844 (ll.
556 787 586 849 p.
600 766 661 828 587
679 767 768 849 sqq),
784 771 877 848 atque
893 762 1072 828 Seheerium
1085 763 1115 845 (l.
1127 764 1146 827 l.
1156 787 1186 849 p.
1199 767 1218 828 2
1231 769 1308 848 sqq.)

143 869 225 934 illius
248 871 436 934 sententiam
458 869 575 934 trustra
605 872 838 955 impugnavisse
865 870 1044 955 Patzigius1
1074 869 1309 935 demonstravit

143 975 255 1061 Itaque
279 999 337 1041 nos
361 975 400 1042 de
423 976 482 1041 hac
505 998 539 1040 re
562 976 653 1062 plura
675 978 772 1042 verba
798 976 902 1041 iacere
926 976 1166 1062 supersedemus
1194 986 1227 1041 et
1248 977 1309 1041 hoo

141 1083 278 1148 fatemur
309 1105 404 1169 posse
436 1082 564 1168 quidem
595 1084 661 1148 fieri
693 1092 728 1147 ut
757 1106 857 1148 novae
888 1085 1100 1148 commentarii
1130 1084 1309 1149 Plutarohei

140 1190 291 1275 reliquiae
314 1191 348 1254 in
366 1190 500 1254 Tnetzae
524 1188 777 1254 adnotationibus
801 1193 1008 1271 inveniantur,
1032 1190 1088 1255 sed
1103 1213 1202 1255 novas
1217 1190 1308 1255 nobis

141 1305 178 1361 ut
191 1299 403 1362 inveniremus
419 1319 483 1360 non
499 1298 677 1381 contigisse.
708 1297 815 1382 Atque
832 1298 953 1362 etiamsi
974 1296 1092 1382 aliquid
1107 1298 1181 1363 novi
1197 1296 1309 1383 depre-

140 1403 339 1483 henderetur,
361 1412 466 1468 tamen
489 1402 563 1468 inde
579 1425 641 1467 non
657 1404 790 1468 multum
812 1405 1008 1485 lucraremur,
1031 1427 1100 1468 cum
1124 1418 1188 1468 non
1210 1405 1310 1469 soleat

139 1511 258 1576 Tzetna
285 1511 407 1596 integra
434 1510 559 1575 aliunde
587 1510 861 1590 exscribere,'sed
889 1534 968 1597 quae
992 1512 1162 1597 assumpsit
1184 1534 1221 1576 ea
1244 1514 1308 1576 suis

141 1626 330 1683 consuescat
357 1620 559 1683 commiscere
589 1617 860 1699 hariolationibus,
888 1617 1088 1683 iniucundam
1115 1621 1159 1682 ita
1180 1618 1309 1703 farragi-

139 1748 213 1790 nem
235 1725 373 1789 efficiens
396 1746 455 1789 nec
477 1747 591 1809 magno
614 1727 715 1811 pretio
739 1724 971 1789 aestimandam.
1303 1728 1307 1737 ’

233 1833 362 1907 ΠΤκθῐεὶι
385 1854 460 1897 vero
484 1853 547 1895 non
570 1833 669 1917 magis
692 1831 733 1896 ad
755 1854 813 1896 nos
836 1834 973 1918 pertinet
995 1832 1232 1917 Moschopulus,
1255 1834 1309 1917 qui

140 1939 290 2024 magister
320 1939 515 2024 Byzantinus
548 1939 672 2003 saeculo
704 1938 826 2003 decimo
858 1940 951 2003 tertio
984 1961 1057 2024 opp.
1087 1941 1308 2004 commentario

139 2047 297 2126 instruxit,
320 2048 373 2131 qui
396 2068 436 2110 ex
457 2045 646 2131 metaphrasi
675 2046 751 2110 satis
781 2046 886 2110 ieiuna
912 2054 1006 2110 etex
1033 2046 1116 2110 notis
1145 2046 1310 2110 constabat

138 2153 368 2239 grammaticis3
391 2175 430 2216 ex
453 2176 490 2216 eo
514 2175 638 2239 quoque
653 2152 790 2218 Useneri
813 2152 929 2217 iudicio
945 2152 1110 2217 Proeliana
1131 2154 1308 2239 recuperari

138 2268 281 2346 possunt
327 2260 401 2325 Hoc
423 2267 495 2323 utut
518 2266 575 2340 est,
598 2260 744 2345 reliquias
768 2260 983 2324 commentarii
1006 2260 1186 2325 Plutarohei
1209 2254 1312 2324 novas⁶

139 2368 173 2431 in
196 2389 234 2432 eo
257 2389 320 2432 non
342 2367 529 2431 invenimus.
567 2367 669 2431 Nobis
692 2369 787 2451 igitur
809 2388 859 2431 res
883 2368 943 2431 erit
965 2389 1036 2431 oum
1060 2389 1121 2431 uno
1142 2367 1263 2432 Proclo.

248 2472 312 2539 Sed
343 2464 525 2560 priusquam
563 2496 641 2559 quas
672 2496 771 2538 novas
808 2472 1060 2559 indagaverimus
1095 2475 1307 2538 commentarii

138 2581 319 2645 Plutarohei
341 2581 488 2666 reliquias
511 2583 696 2666 aperiamus,
719 2579 885 2644 dicendum
909 2582 969 2644 erit
991 2579 1030 2645 de
1046 2581 1203 2646 nonnullis
1225 2580 1308 2667 frag-

137 2688 254 2752 mentis
282 2710 322 2752 ex
349 2710 477 2752 numero
508 2710 615 2752 eorum
643 2709 722 2772 quae
751 2710 769 2751 a
798 2689 873 2751 viris
903 2686 1004 2752 doctis
1037 2688 1112 2752 olim
1139 2687 1307 2752 Plutarcho

139 2794 291 2859 attributa
313 2803 395 2858 sunt

247 2900 300 2964 Ex
327 2901 440 2987 quibus
469 2923 549 2986 quae
577 2901 739 2966 Plutarchi
766 2903 891 2966 nomine
919 2908 1026 2965 notata
1053 2923 1116 2965 non
1144 2909 1218 2965 sunt
1244 2924 1306 2986 quo

139 3009 208 3071 iure
232 3008 262 3071 ei
276 3007 422 3072 restituta
437 3009 554 3072 sintne
571 3008 621 3072 oui
636 3007 791 3072 dubitatio
808 3009 974 3088 oboriatur,
997 3016 1180 3093 argumenta
1194 3007 1307 3093 quibus

138 3114 214 3178 freti
238 3114 298 3179 viri
321 3114 406 3179 docti
429 3137 486 3179 sua
508 3136 649 3200 quaeque
673 3115 842 3179 Plutarcho
871 3114 1077 3179 reddiderunt
1106 3115 1139 3178 in
1169 3114 1307 3179 medium

138 3220 338 3308 proferimus.

249 3331 299 3393 Ao
322 3330 495 3394 certissime
518 3327 646 3414 quidem
663 3330 749 3414 origo
764 3328 953 3393 Plutarohea
975 3328 1136 3414 explorata
1159 3337 1208 3393 est
1225 3328 1307 3415 frag-

138 3443 317 3499 mentorum
341 3458 447 3500 eorum
471 3436 584 3521 quibus
609 3436 778 3500 consimilis
794 3444 827 3500 et
842 3438 997 3500 sententia
1020 3443 1052 3499 et
1066 3435 1203 3517 dictione
1219 3435 1306 3500 locus

139 3565 157 3607 e
181 3542 308 3627 scriptis
335 3542 497 3607 Plutarchi
526 3551 562 3606 ut
590 3551 750 3608 erueretur
777 3543 915 3628 contigit
966 3542 1068 3612 Velut
1097 3530 1307 3628 fragmentum

141 3652 181 3713 17
208 3648 370 3733 (Duebn.):
456 3652 460 3659 ’

246 3750 293 3824 (εἰ
315 3756 374 3846 γάρ
397 3783 450 3825 κεν
480 3757 536 3824 καὶ
564 3750 723 3847 σμικρόν).
771 3761 858 3826 δοκεῖ
888 3758 949 3843 μὲν
980 3750 1192 3849 ἀπηρτῆσθαι
1213 3760 1306 3826 τοῦτο

140 3868 198 3931 τοῦ
229 3864 502 3956 προρρηθέντος·
534 3862 601 3947 ἔχει
633 3865 669 3932 δὲ
697 3865 752 3932 καὶ
785 3865 953 3948 συνέχειαν.
983 3862 1099 3954 ἐπειδὴ
1126 3862 1185 3954 γὰρ
1211 3859 1305 3934 εἶπεν

249 4094 459 4162 ¹Quaestiones
479 4094 659 4149 Plutarcheae
678 4095 751 4160 (diss.
771 4096 858 4151 Bcrol.
879 4096 957 4165 1876)
976 4114 1002 4166 p.
1022 4096 1135 4152 21—28.
