3146 4832
659 236 699 305 57

573 332 785 341 ..—-—---—-

154 455 156 461 ’
202 435 480 522 Interpretutiones
496 436 591 522 igitur
603 435 724 500 Stoicos
739 435 916 501 invenimus
932 432 1074 499 aProolo
1085 440 1260 521 assumptas

98 547 130 610 in
153 545 203 609 his
226 542 370 609 scholiis:

204 651 245 715 ad
268 674 298 717 v.
317 654 354 715 1:
377 649 499 736 μούσας
521 651 558 718 δέ
582 643 773 735 ὠνομάσθαι
788 649 934 735 λέγουσιν
950 643 1021 716 άπὸ
1036 653 1181 734 μῶσθαι,
1203 654 1262 717 τοῦ
1286 694 1291 703 ·

99 757 308 854 σημαίνοντος
329 757 367 825 τό
392 760 570 849 ζητεῖσθαι,
594 747 690 824 αὗται
713 754 773 845 γάρ
795 757 989 844 παρεντικαὶ
1013 755 1182 836 παιδείας
1207 753 1263 823 διὰ

99 872 191 934 τοῦτο
215 864 353 944 Μούσας
376 857 548 950 ὠνόμασαν
574 862 605 932 οὶ
629 866 755 952 πρῶτοι
776 860 818 930 τά
841 857 984 948 ὀνόματα
1007 864 1125 943 θέντες.
1170 861 1263 926 Hane

103 994 257 1037 musarum
271 971 405 1035 nominis
421 972 622 1051 notationem,
638 993 657 1034 a
672 970 804 1034 Platone
819 972 980 1034 inventam
995 969 1123 1056 (Oratyl.
1138 993 1168 1055 p.
1179 973 1263 1055 279),

10 1142 12 1149 ,
103 1082 131 1143 in
154 1102 213 1143 usu
236 1078 336 1143 fuisse
359 1077 475 1143 Stoicis
497 1078 685 1142 documento
709 1084 758 1141 est
780 1076 938 1141 Cornutus
952 1083 972 1140 1.

206 1184 246 1250 ad
270 1208 300 1250 v.
325 1188 382 1250 32:
406 1184 462 1275 τὴν
485 1182 544 1273 γάρ
566 1188 632 1275 γῆν,
657 1177 714 1275 ἀφ’
738 1171 776 1274 ἧς
798 1183 828 1251 ol
852 1185 974 1274 καρποὶ
996 1182 1127 1268 πάντες,
1151 1180 1263 1278 Δήμη-

99 1321 177 1382 τραν
199 1286 366 1378 ὠνόμαζον
390 1290 420 1360 οἱ
443 1291 584 1359 παλαιοί
595 1298 616 1359 2.

207 1399 247 1463 ad
270 1423 300 1463 v.
323 1402 386 1464 48:
414 1392 431 1466 ὃ
454 1399 515 1484 μὲν
536 1395 731 1491 Προμηθεύς
753 1399 837 1465 ἐστιν
864 1391 882 1464 ὁ
905 1403 972 1479 τοῖς
994 1393 1188 1486 ἀνθρώποις
1209 1396 1265 1466 τὸν

99 1510 172 1574 νοῦν
196 1505 398 1594 δωρούμενος
419 1505 474 1574 τὸν
496 1506 565 1593 πρὸ
587 1511 651 1572 τῶν
674 1498 871 1592 άποβάσεων
894 1502 1073 1594 λογιστικὸν
1090 1509 1154 1572 τῶν
1178 1499 1265 1573 οἰπορ

100 1614 293 1707 βησομένων.

207 1719 249 1784 ad
277 1743 306 1785 v.
334 1722 394 1784 84:
433 1718 511 1799 θεός
542 1717 591 1799 τίς
622 1720 688 1787 ἐστι
719 1720 776 1787 καὶ
808 1710 900 1800 οὗτος
931 1719 1008 1802 (soil.
1040 1717 1266 1805 Epimetheus),

100 1830 254 1914 λογισμοῦ
276 1828 334 1912 μέν
356 1824 466 1909 αἴτιος,
491 1822 559 1893 ἀλλ’
590 1820 627 1894 ού
650 1832 705 1894 τοῦ
720 1832 936 1920 προνοητικοῦ
958 1832 1020 1893 τῶν
1035 1827 1266 1919 ἐκβησομένων,

101 1930 145 2015 ὡς
168 1930 186 2001 ὁ
210 1933 416 2027 Προμηθεύς,
449 1927 517 2000 ἀλλ’
543 1933 666 2001 ἐκείνου
697 1936 754 2001 τοῦ
786 1929 880 2019 μόλις
911 1934 948 2001 ἐκ
979 1935 1043 2000 τῶν
1075 1926 1268 2020 ἀποβάντων

101 2042 186 2131 πρὸς
216 2039 329 2108 ἐαιτόν
351 2039 608 2130 ἐπιστρέφοντος.
654 2040 745 2104 Haeo
771 2040 904 2104 fortasse
931 2042 1105 2126 compositu
1132 2048 1206 2103 sunt
1227 2040 1270 2105 ml

100 2149 263 2234 exemplar
292 2145 507 2212 definitionum
542 2146 718 2211 Stoicarum
749 2147 857 2233 quales
889 2155 1014 2212 exstant
1044 2148 1076 2210 in
1109 2147 1204 2211 sohol.
1228 2147 1268 2211 ad

100 2256 206 2340 theog.
231 2278 259 2320 v.
280 2258 362 2319 511:
409 2255 600 2344 Προμηθέα,
623 2252 682 2346 τὴν
703 2246 872 2345 πρόνοιαν.
896 2253 1087 2347 Ἐπιμηθέα,
1111 2255 1166 2345 την
1187 2253 1270 2340 μετά

99 2363 140 2431 τὸ
162 2365 287 2450 πρᾶξαι
311 2360 499 2454 ἐνθύμησιν,
522 2358 557 2429 τὸ
581 2355 789 2454 άπρονόητον.
814 2355 1023 2450 οἷον“ῥεχθέν
1046 2362 1083 2428 δέ
1105 2387 1138 2429 τε
1152 2360 1270 2453 νήπιος

103 2462 199 2557 ἐγνω’
238 2477 270 2532 et
306 2469 338 2531 in
376 2468 471 2532 schol.
495 2467 536 2531 ad
567 2467 669 2552 theog.
702 2491 732 2533 v.
757 2469 838 2532 565:
878 2472 983 2536 διττοῦ
1009 2468 1070 2558 γάρ
1097 2460 1186 2549 ύντος
1214 2473 1269 2537 τοῦ

105 2571 257 2665 ἡμετέρου
279 2581 343 2659 νοῦ,
366 2570 386 2665 ἡ
409 2575 467 2660 μὲν
490 2572 557 2663 πρὸ
580 2580 644 2642 τῶν
664 2573 766 2666 ἐργων
788 2575 888 2665 βοσλη
917 2576 974 2643 καὶ
1001 2572 1038 2642 τὸ
1067 2579 1268 2666 προβουλευ-

107 2682 193 2750 τιτύν
209 2737 216 2751 .
234 2737 242 2750 .
261 2736 268 2750 .
292 2682 418 2768 λέγεται
440 2681 653 2775 Προμηθεύς·
677 2680 712 2749 τὸ
728 2682 765 2748 δέ
780 2681 863 2767 μετά
879 2680 914 2751 τὸ
931 2685 1038 2762 κακῶς
1054 2675 1219 2774 ἀποβῆναι
1236 2736 1243 2750 .
1261 2736 1268 2751 .

104 2784 205 2876 ίίνομα
236 2787 434 2882 Ἐπιμηθεὺς
468 2788 680 2881 ἐκληρώσατο.
750 2789 843 2853 Lioet
875 2788 1002 2877 quidem
1035 2788 1113 2852 illud
1146 2812 1270 2875 quoque

102 2897 236 2983 cogitari
258 2896 324 2976 has,
343 2919 422 2981 quae
440 2904 597 2981 tamquam
621 2919 661 2960 ex
683 2897 861 2961 nominibus
884 2898 962 2982 ipsis
978 2904 1153 2976 naseuntur,
1175 2897 1271 2961 inter-
1343 2926 1346 2931 ¹

99 3005 296 3091 pretationes
320 3025 460 3068 seorsum
484 3002 632 3066 aStoiois
648 3004 932 3089 compositasjesse.
968 3003 1070 3071 Velut
1085 3003 1271 3068 Plutarchus

100 3112 142 3177 de
167 3111 211 3175 Is.
227 3119 261 3175 et
278 3110 361 3175 Osir.
378 3132 444 3195 cap.
461 3113 480 3174 3
503 3109 725 3173 Prometheum
748 3109 867 3200 σοφίας
888 3111 945 3177 ιιαὶ
967 3108 1124 3199 προνοίας
1145 3105 1273 3201 εὑρετήν

99 3218 252 3307 appellat,
269 3217 352 3303 quod
369 3236 442 3283 eum
457 3215 582 3281 aliunde
597 3225 774 3281 mutuatum
789 3239 859 3281 esse
874 3240 938 3283 non
953 3226 1003 3282 est
1017 3216 1103 3303 quod
1117 3225 1272 3304 putemus

212 3323 253 3390 ad
277 3349 306 3390 v.
331 3329 390 3391 50:
429 3325 484 3393 τὸν
506 3316 646 3392 Ἰαπετὸν
667 3322 749 3392 θεὸν
772 3323 896 3418 οἰητέον
918 3319 1001 3393 εἶναι
1023 3324 1143 3415 νοερόν,
1170 3322 1273 3393 αἴτιον

98 3431 215 3528 πάσης
237 3435 293 3524 της
314 3437 438 3526 πτηνῆς
459 3434 514 3500 τού
539 3427 671 3521 ούρανοῦ
689 3432 745 3499 καὶ
762 3428 915 3526 ὀξυτάτης
929 3432 1045 3526 ταύτης
1059 3429 1168 3526 πάσης
1182 3431 1272 3524 κινή-

97 3562 204 3624 σεως·
229 3538 280 3608 διὸ
304 3540 360 3607 καὶ
381 3536 522 3608 Ἰαπετὸν
546 3543 707 3632 κληθῆναι
730 3539 823 3628 παρά
846 3537 882 3608 τὸ
897 3542 1011 3608 ἵεσθαι
1027 3542 1083 3608 καί
1107 3540 1274 3608 πέτεσθαι

99 3646 173 3720 ὑπὸ
195 3650 262 3716 τῶν
285 3647 448 3733 θεολόγων
462 3652 484 3714 ³.

217 3829 227 3857 ¹
245 3827 287 3881 (ll.
298 3843 357 3897 cap.
369 3827 415 3880 14:
434 3825 573 3878 καλοῦνται
590 3824 620 3877 δὲ
632 3832 729 3893 μοῦσαι
743 3823 801 3900 ἀπὸ]
812 3831 857 3893 τῆς
870 3825 992 3893 μώσεως,
1006 3825 1118 3879 τουτέστι
1133 3826 1274 3894 ζητήσεως.

215 3917 226 3946 ⁹
244 3916 287 3971 Of.
302 3916 415 3970 Cornut.
430 3932 489 3984 cap.
504 3915 551 3969 28:
570 3914 630 3982 ἑξῆς
649 3914 678 3967 δὲ
696 3915 741 3968 καί
758 3915 818 3983 περὶ
832 3916 970 3984 Δήμητρος
988 3915 1034 3968 καί
1049 3915 1165 3980 Ἑστίας,
1184 3915 1275 3980 ὥπαῒ,

96 4007 225 4063 λεκτέον·
244 4004 355 4074 ἑκατέρα
374 4005 488 4058 δ’ἐοικεν
506 4004 554 4072 οὐχ
574 4004 647 4073 ἑτέρα
666 4012 711 4073 τῆς
729 4013 775 4073 γῆς
793 4003 865 4059 εἶναι.

217 4097 289 4153 ³0f.
308 4113 376 4167 quus
395 4095 566 4150 definitiones
586 4095 691 4151 Stoicus
710 4095 840 4149 Fluehius
859 4096 967 4166 collegit
986 4094 1013 4164 (l.
1032 4094 1051 4147 l.
1069 4111 1095 4166 p.
1115 4097 1174 4163 43),
1191 4094 1275 4171 schol.

1080 4204 1117 4256 β
