3146 4832
703 264 742 349 ιι

138 465 196 549 vit
218 461 293 549 puri
308 464 374 547 eap'.
390 464 430 525 4:
454 452 491 529 οὗ
514 464 637 549 γελοῖον
660 450 724 545 οὖν,
748 455 791 543 ὡς
813 459 895 552 φασί
917 486 1005 545 τινες,
1029 451 1099 529 οδδ
1123 454 1302 553 ἀβέλτερον,

141 568 226 639 ἀλλὰ
248 566 349 659 σοφδν
370 564 406 635 τδ
429 571 484 635 τοῦ
505 561 655 638 Ἡσιόδου

247 674 300 745 τδν
322 669 460 767 φιλέοντ’
486 676 544 743 ἐπὶ
568 678 663 744 δαῖτα
686 679 805 761 καλεῖν,
829 673 882 745 τὸν
905 669 935 744 δ’
959 673 1075 767 ἐχθρὸν
1096 672 1201 744 ἐᾶσαι.

142 785 182 849 In
208 805 270 869 quo
297 784 393 868 igitur
420 782 539 847 scholio
566 782 627 847 hoo
656 782 798 847 studium
825 783 907 848 clare
937 780 1075 847 cernitur
1102 781 1305 847 Plutarchum

142 893 207 956 iure
230 910 393 977 agnoscas.
437 889 488 953 Ea
509 887 549 954 de
573 879 676 955 eausa¹
695 888 862 956 Scheerius
886 893 926 976 (p.
951 893 1002 974 10)
1030 889 1199 953 Plutarcho
1222 897 1306 953 reete

140 998 284 1064 attribuit
308 997 462 1062 scholium
484 995 525 1061 ad
547 1020 577 1063 v.
602 999 663 1063 311
689 996 819 1082 (Gaist1
845 1001 908 1063 313
933 996 1081 1082 Goettl.):

301 1157 361 1172 ...
384 1103 517 1194 πλοότφ
540 1097 570 1171 δ)
594 1097 690 1195 ἀρετὴ
713 1106 769 1172 καί
792 1106 889 1187 κῦδος
912 1096 1032 1196 ὀπηδεῖ
1103 1107 1110 1121 '

35 1215 38 1221 ’
139 1210 337 1298 adseriptum
358 1210 443 1297 quod
466 1213 510 1275 ita
533 1210 671 1276 orditur:

142 1317 145 1321 ’
250 1320 361 1411 μηδεὶς
382 1317 568 1407 λοιδορείτω
591 1316 645 1387 τδν
669 1318 774 1403 οτίχον
798 1318 844 1401 είς
866 1317 1146 1410 τδνπολυόρατου
1165 1322 1307 1388 πλοῦτον

145 1420 237 1515 δρῶν,
260 1424 372 1517 πόρρω
394 1428 450 1516 τῆς
464 1418 579 1517 ἀρετῆς
601 1427 824 1518 ἐσκηνωμένον,
848 1419 931 1493 ἀλλά
946 1428 1089 1494 πλοῦτον
1113 1425 1237 1495 οἰέσθω
1253 1428 1308 1495 νῦν

146 1533 302 1620 λέγεσθαι
322 1530 379 1625 τὴν
403 1526 472 1601 ἀπὸ
488 1538 550 1600 τῶν
566 1530 665 1625 ἔργων
679 1540 900 1624 πορισθεῖσαν
915 1526 1081 1624 ἀφθονίαν
1096 1539 1163 1614 τοῖς
1178 1534 1308 1625 ἐργαζο-

146 1640 252 1726 μένοις
274 1638 404 1708 δικαίαν
428 1629 527 1709 οὖσαν
548 1642 605 1708 καί
628 1633 698 1709 ἀπδ
720 1646 784 1708 τῶν
808 1639 934 1709 οἰκείων
955 1639 1065 1709 πόνων
1084 1635 1308 1734 ἠθροισμένην.

250 1746 320 1811 Νοο
342 1747 466 1812 silentio
484 1747 761 1833 praetermittimus
785 1746 870 1833 quod
892 1747 1081 1812 Plutarchus
1097 1747 1309 1833 Chrysippum

147 1861 271 1919 secutus
298 1853 451 1941 praecipit
478 1853 518 1919 de
546 1853 616 1919 aud.
638 1862 723 1940 poet.
746 1877 812 1940 cap.
838 1857 878 1920 13
892 1861 912 1935 ²,
939 1862 975 1918 ut
998 1855 1052 1940 qui
1073 1857 1184 1941 poetas
1207 1854 1311 1919 eonsi-

106 1950 109 1955 ’
146 1961 252 2026 derate
275 1961 380 2047 legere
402 1961 481 2026 velit
502 1960 536 2025 id
558 1961 644 2046 quod
666 1961 699 2026 hi
721 1984 818 2026 unum
839 1962 1043 2047 pronuntient
1065 1961 1105 2025 ad
1129 1962 1219 2047 plura
1240 1984 1311 2047 per-

117 2148 119 2153 ,
143 2071 245 2133 tinere
269 2077 403 2133 censeat
448 2067 535 2133 Huic
558 2068 688 2133 consilio
702 2071 812 2164 pareri
834 2091 907 2133 eum
929 2068 1052 2134 videret
1073 2071 1107 2133 in
1130 2068 1248 2133 scholio
1270 2068 1311 2133 ad

142 2199 174 2243 v.
192 2178 257 2240 744
273 2198 319 2261 sq.
343 2174 457 2260 (Gaisf.
482 2178 544 2240 746
569 2198 614 2261 sq.
638 2174 782 2261 Goettb:

304 2283 388 2374 μηδέ
411 2280 510 2368 δόμον
525 2285 634 2350 ποιῶν
656 2276 862 2367 ἀνεπίξεστον
885 2281 1103 2367 καταλείπειν,

305 2386 424 2482 μήτοι
446 2390 620 2482 ἐφεζομένη
643 2389 750 2482 κριόζη
772 2391 937 2482 λακέρυζα·
954 2389 1077 2483 κορώνη

150 2496 316 2582 adscripto,
337 2496 497 2583 Patzigius
525 2496 597 2581 (1.1.
619 2521 651 2582 p.
675 2500 727 2580 27)
749 2497 809 2561 boe
837 2497 989 2561 acholium
1011 2496 1214 2583 probabiliter
1236 2497 1311 2560 Plu-

151 2603 258 2668 tarcho
285 2603 438 2669 attribuit:
478 2602 508 2672 oi
530 2605 589 2690 μέν
613 2599 664 2673 ὅτι
693 2607 742 2672 δεῖ
763 2602 822 2686 τὰς
845 2603 952 2685 οἰκίας
973 2602 1039 2694 πρδ
1061 2609 1215 2690 χειμῶνος
1237 2627 1312 2671 συν-

149 2714 275 2779 τελεῖν·
298 2705 316 2780 δ
342 2709 401 2803 γδρ
424 2708 569 2803 κρωγμδς
595 2714 650 2804 τῆς
672 2710 815 2805 κορώνης
836 2714 991 2797 χειμῶνος
1015 2711 1197 2799 σόμβολον·
1222 2710 1252 2779 οἱ
1276 2712 1313 2778 δέ

147 2813 200 2888 δτι
221 2816 267 2908 μὴ
290 2812 387 2910 ἀτελῆ
419 2820 508 2905 δεῖ[ν]
539 2819 594 2888 τὸν
625 2814 713 2888 οίκον
743 2818 812 2903 ἐᾶν,
844 2817 889 2912 μη
920 2818 1025 2908 ψόγον
1056 2816 1205 2910 ἐπαγοίγη
1231 2811 1312 2909 παρ)

147 2920 264 3010 ἀλλων,
288 2917 344 3007 οὓς
369 2930 407 3016 τῇ
435 2925 557 3018 κοροίνη
584 2918 765 2994 ἀπείκασεν
792 2920 837 3006 ὥς
862 2924 972 2994 πολλοὶ
999 2918 1039 2994 ἀν
1066 2926 1313 3017 φθεγξαμένους,

148 3036 347 3119 νεμεσῶντας
369 3033 427 3100 ἐπὶ
449 3036 494 3122 τῷ
518 3034 668 3101 ἐλλειπεῖ.
691 3037 740 3101 δεῖ
762 3034 799 3102 δέ
822 3034 879 3102 καί
894 3034 954 3101 ἐπί
975 3031 1017 3100 τό
1035 3027 1118 3101 ἀλλα
1133 3031 1170 3101 τὸ
1185 3030 1313 3123 παροίγ-

150 3142 249 3227 γελμα
265 3139 432 3208 διατείνειν
455 3141 512 3208 καί
530 3141 631 3236 μηδὲν
651 3145 713 3208 των
727 3135 885 3233 ἡμετέρων
908 3138 1008 3231 έργων
1030 3133 1140 3221 ἀτελὲς
1161 3142 1316 3231 περιορᾶν

152 3247 331 3337 φερόμενον,
355 3239 425 3314 ἀλλ)
451 3246 576 3339 έκοίστηι
599 3246 635 3316 τδ
657 3251 820 3340 προσῆκον
844 3246 978 3336 ἐπείγειν
1000 3247 1098 3329 τέλος.

258 3410 267 3438 ¹
286 3409 364 3463 Poet.
383 3409 448 3462 min.
467 3427 554 3478 graec.
574 3409 616 3462 cd.
635 3409 684 3462 Th.
704 3407 833 3464 Gaistord
852 3409 903 3463 vul.
924 3408 980 3463 III.

259 3497 269 3527 ²
291 3497 343 3566 Τὴν
362 3499 384 3550 δ’
406 3499 446 3550 ἐπὶ
464 3499 542 3550 πλέον
561 3505 613 3550 τῶν
631 3498 777 3566 λεγομένων
794 3505 888 3566 χρῆσιν
906 3498 1039 3560 ἀπέδειξεν
1057 3497 1148 3564 ὀρδῶς
1166 3497 1181 3548 δ
1197 3497 1315 3565 Χρύσιπ-

147 3608 206 3652 πος,
227 3590 265 3640 ὅτι
284 3589 327 3640 δεῖ
341 3588 459 3655 μετάγειν
481 3588 527 3640 καὶ
546 3587 707 3656 διαβιβάζειν
730 3588 771 3639 ἐπὶ
799 3587 828 3640 τὰ
847 3589 955 3656 ὁμοειδῆ
980 3588 1008 3640 τό
1027 3588 1163 3655 χρήσιμον.
1190 3589 1249 3638 ὅτε
1268 3585 1316 3655 γὰρ

145 3678 273 3736 Ἡσίοδος
291 3677 387 3729 εἰπών’

311 3767 371 3818 οὐδ’
391 3766 424 3818 ἂν
444 3768 509 3835 βοῦς
528 3766 650 3830 ἀπόλοιτ’,
669 3768 693 3818 εἰ
709 3766 746 3835 μὴ
765 3768 856 3834 γείτων
875 3766 958 3825 κακὸς
977 3768 1016 3834 εἴη

149 3857 197 3909 καὶ
220 3855 280 3923 περὶ
303 3855 383 3913 κυνὸς
409 3855 485 3907 ταότδ
512 3856 557 3908 καί
584 3856 643 3923 περὶ
671 3858 732 3908 ὄνου
759 3856 825 3923 λέγει
852 3856 897 3907 καί
924 3856 983 3923 περὶ
1007 3855 1112 3908 πάντων
1139 3856 1237 3923 ὁμοίως
1266 3862 1318 3908 τῶν

150 3946 296 3999 ἀπολέσδοι
316 3944 476 4012 δυναμένων.
503 3945 548 3997 καί
565 3944 641 3997 πάλιν
660 3953 704 3997 τοῦ
725 3945 868 4012 Εὐριπίδου
885 3944 1017 4013 λέγοντος·
1077 3973 1079 3977 ’

313 4037 349 4093 τίς
368 4035 392 4088 δ’
413 4034 465 4086 ἐστὶ
484 4034 576 4092 δοῦλος
594 4041 640 4087 τοῦ
658 4036 749 4087 δονεῖν
767 4035 891 4102 ἄφροντις
911 4035 965 4098 ὤν,·

155 4124 333 4179 ὑπακουστέον
351 4126 388 4177 ὅτι
414 4124 460 4177 καί
482 4123 541 4191 περὶ
559 4124 641 4176 πόνου
660 4125 705 4176 καί
723 4126 801 4177 νόσου
821 4123 851 4176 τὰ
870 4123 935 4177 αὐτὰ
953 4126 1065 4193 εἴρηκεν.

1111 4232 1127 4287 2
