3146 4832
769 337 800 341 ,
817 244 980 341 ..ΜΝ

292 437 514 503 monstraverit
536 438 601 519 (1.1.
623 461 653 523 p.
678 441 730 520 34)
753 437 802 501 his
826 437 950 502 verbis:
995 437 1035 500 In
1067 437 1129 502 den
1161 436 1307 502 Scholien
1334 460 1370 501 zu
1393 436 1439 500 des

293 543 441 608 Dichters
458 544 597 609 Werkcn
613 542 677 607 und
693 544 800 629 Tagen
825 552 978 608 stammen
1001 544 1054 608 die
1070 544 1229 608 stoischen
1243 544 1440 608 Definitionen

293 673 349 715 aus
373 649 445 714 dem
469 650 671 715 Commentar
700 649 757 715 des
785 650 948 731 Plutarch,
980 650 1042 715 den
1074 650 1209 715 Prohlus
1240 651 1367 715 benutzt
1390 650 1441 728 hat,

294 756 360 821 und
383 756 424 821 da
446 758 503 822 wir
525 757 603 820 auch
627 756 688 820 den
716 757 866 822 lctzteren
893 757 981 821 nicht
1007 756 1213 842 vollsttndig,
1241 756 1374 822 sondem
1394 779 1441 821 nur

295 865 328 926 in
351 863 531 949 Excerpten
554 863 693 928 erhalten
716 863 827 943 haben,
849 864 1014 948 geschieht
1035 887 1079 942 es,
1101 863 1174 928 dass
1198 864 1295 928 bsters
1317 864 1441 942 Tzetzes,

292 969 349 1034 der
371 970 432 1035 den
456 969 709 1055 vollstandigen¹
737 970 869 1035 Proclus
897 971 977 1035 noch
1005 970 1145 1056 gekannt
1167 971 1235 1050 hat,
1262 970 1348 1035 diese
1369 970 1442 1034 Defi-

291 1078 433 1141 nitionen
455 1077 570 1162 bringt,
592 1076 740 1142 withsand
764 1078 809 1142 sie
832 1079 864 1141 in
892 1100 1017 1142 unserm
1040 1077 1172 1142 Proclus
1201 1077 1317 1142 fehlen
1360 1075 1442 1155 Quod

291 1207 367 1249 num
389 1192 473 1248 recte
502 1184 618 1248 dixerit
644 1194 680 1248 ut
707 1184 867 1249 diudicare
891 1187 1057 1271 possimne,
1084 1207 1164 1269 quae
1186 1185 1266 1249 ratio
1289 1184 1440 1248 Plutarcho

293 1291 420 1356 omnino
452 1291 626 1356 intercedat
658 1314 728 1355 cum
761 1291 875 1357 Stoicis
908 1290 1080 1357 videndum
1112 1294 1179 1356 erit.
1237 1291 1332 1356 lllum
1363 1292 1441 1376 igitur

293 1398 388 1462 animi
411 1398 526 1463 iudicio
550 1399 589 1462 ab
613 1421 720 1463 eorum
743 1398 885 1463 doctrina
907 1399 1105 1465 abhorruisse
1121 1399 1273 1485 imprimis
1289 1397 1444 1463 ostendunt

291 1528 370 1590 quos
393 1512 500 1569 contra
523 1504 647 1570 Stoicos
668 1506 765 1570 libros
788 1505 889 1570 edidit
911 1505 950 1570 (16
973 1507 1188 1570 communibus
1216 1506 1337 1571 notitiis
1360 1503 1441 1570 etde

292 1615 505 1698 repugnantiis
542 1612 718 1677 Stoicorum
754 1614 927 1697 tertiusque
963 1635 1025 1698 quo
1063 1612 1186 1678 Stoicos
1223 1635 1318 1698 quam
1348 1620 1444 1698 poetas

293 1718 476 1783 absurdiora
499 1719 602 1784 dicere
626 1718 833 1799 contenditur,
856 1728 923 1783 tum
947 1742 1022 1784 vero
1044 1742 1101 1805 per
1124 1720 1228 1784 omnia
1251 1719 1319 1785 fere
1342 1719 1446 1804 scripta

291 1826 449 1890 Plutarchi
483 1826 689 1890 refutationes
721 1827 880 1912 pertinent
915 1825 1092 1891 Stoicorum
1124 1826 1293 1891 doctrinae.
1345 1827 1445 1909 Neque

292 1940 396 1996 tamen
424 1934 528 1997 omnia
555 1955 660 1997 eorum
689 1934 818 1998 inventa
839 1933 1027 2020 repudiavit,
1050 1933 1107 1998 sed
1129 1956 1209 2019 quae
1233 1935 1262 1998 ei
1285 1932 1447 2020 probabilia

292 2039 480 2104 videbantur
501 2042 532 2104 in
557 2063 647 2104 suum
670 2062 761 2104 usum
776 2043 940 2120 convertit,
955 2042 1049 2127 inque
1065 2063 1173 2105 eorum
1194 2063 1324 2105 numero
1339 2038 1447 2124 recepit

294 2145 421 2210 modum
443 2147 564 2211 fabulas
580 2155 703 2211 veteres
727 2146 953 2232 interpretandi
969 2147 1084 2213 Stoicis
1099 2157 1270 2233 acceptum.
1309 2147 1445 2212 Solebant

293 2264 397 2318 autem
421 2254 453 2333 ii,
476 2261 510 2317 nt
533 2263 642 2318 notum
666 2262 723 2334 est,
749 2254 869 2318 fabulas
893 2254 961 2319 illas
984 2255 1097 2340 quibus
1121 2255 1250 2318 deorum
1274 2263 1371 2334 ortus,
1391 2276 1447 2317 cer-

292 2361 419 2436 tamina,
442 2361 633 2425 calamitates
658 2361 862 2425 narrabantur
884 2361 925 2425 ad
947 2363 1030 2427 vires
1054 2362 1220 2442 naturales,
1243 2363 1338 2426 animi
1360 2360 1447 2425 facul·

292 2476 383 2548 tates,
405 2468 466 2532 alia
487 2468 665 2547 transferre,
686 2468 717 2532 h.
741 2490 776 2548 e.,
798 2479 835 2532 ut
856 2491 919 2532 uno
942 2469 1067 2533 nomine
1095 2491 1145 2533 res
1168 2467 1446 2554 comprehendatur,

267 2567 270 2574 ’
292 2598 349 2661 pro
373 2576 528 2660 allegoriis
552 2576 692 2661 accipere
715 2575 845 2640 fabulas
886 2576 992 2660 Atque
1015 2575 1179 2659 allegorias
1202 2598 1241 2640 66
1256 2574 1446 2640 Plutarchum

293 2681 421 2766 quidem
444 2690 643 2767 aspematum
660 2704 730 2746 esse
745 2681 865 2767 liquido
881 2682 1097 2747 demonstrant
1119 2705 1199 2767 quae
1215 2682 1255 2747 (16
1271 2682 1315 2746 Is.
1332 2691 1364 2746 et
1375 2681 1445 2746 Osir.

292 2811 358 2874 cap.
383 2792 423 2854 20
448 2790 591 2873 scripsit:
617 2783 633 2855 ὁ
656 2792 763 2874 μῦθος
785 2788 879 2877 λόγου
902 2787 986 2870 τινος
1009 2788 1150 2879 ἔμφασίς
1173 2789 1239 2857 ἐστι
1259 2785 1443 2864 avallone

293 2889 349 2962 ἐπ’
374 2887 461 2962 data·
479 2895 534 2985 τὴν
558 2892 712 2962 διάνοιαν.
759 2894 823 2960 Sed
850 2895 943 2961 huius
972 2894 1149 2980 explicandi
1178 2896 1308 2959 rationis
1332 2912 1440 2981 prorsus

292 3024 350 3086 pro
374 3024 430 3065 sua
462 3011 572 3067 natura
603 3009 696 3086 atque
723 3000 829 3066 indole
856 3024 950 3066 unam
973 3004 1084 3067 ceteris
1112 3010 1232 3087 partem
1255 3002 1447 3087 praeferebat,

293 3132 355 3193 qna
386 3108 507 3172 scilicet
538 3107 698 3173 doctrinae
722 3109 854 3173 morales
881 3108 997 3173 fabulis
1031 3109 1160 3175 subesse
1192 3110 1448 3175 existimabantru.

292 3215 347 3278 Ad
378 3215 460 3278 hunc
492 3215 619 3300 quidem
650 3216 779 3280 modum
810 3217 843 3279 in
876 3217 921 3280 cis
949 3238 1028 3301 quae
1056 3215 1096 3280 de
1121 3216 1259 3283 Veneris
1282 3217 1450 3299 Martisque

293 3320 446 3385 adulterio
475 3330 507 3385 et
533 3321 573 3385 de
600 3322 688 3387 Iovis
716 3345 788 3387 cnm
814 3323 937 3387 Iunone
965 3323 998 3386 iu
1026 3322 1086 3387 Ida
1108 3324 1276 3387 concubitu
1299 3323 1451 3387 Homerus

293 3437 398 3492 narrat
420 3430 590 3492 sententias
615 3451 685 3493 eum
708 3430 840 3494 morales
863 3439 955 3515 putat
971 3430 1140 3510 effinxisse,
1163 3430 1277 3515 quibus
1300 3430 1379 3502 haec
1397 3428 1453 3492 duo

294 3536 429 3601 voluerit
460 3558 517 3599 nos
551 3534 706 3601 edocere²
738 3544 771 3601 et
802 3537 914 3600 malam
947 3537 1098 3601 musicam
1130 3537 1272 3622 malaque
1305 3535 1455 3621 colloquia

401 3734 411 3762 ¹
430 3734 494 3788 Hoc
516 3750 605 3788 errore
631 3733 763 3803 scriptum
781 3733 891 3787 videtur
898 3751 904 3799 ;
931 3750 995 3786 nam
1013 3734 1141 3787 Tzetzam
1164 3750 1219 3789 non
1238 3733 1389 3802 integmm,
1411 3729 1454 3785 sed

294 3822 469 3891 integriorem
488 3823 569 3877 modo
584 3840 615 3876 eo
630 3840 711 3892 quem
730 3839 780 3877 nos
798 3822 879 3876 hodic
893 3822 1027 3877 habemus
1041 3823 1131 3877 Proch
1150 3822 1377 3878 commentarium
1396 3826 1454 3874 ante

295 3912 387 3966 oculos
406 3911 534 3966 habuisse
553 3917 668 3966 constat.

401 4001 411 4030 ²
430 4001 472 4055 Of.
491 4001 525 4055 de
543 4001 607 4055 aud.
626 4006 698 4071 poet.
718 4017 777 4070 cap.
796 4003 825 4054 4:
850 4001 877 4054 ἒν
894 3999 943 4068 μὲν
960 4001 1009 4069 γὰρ
1028 4003 1157 4070 τοῖςπερὶ
1176 4010 1221 4070 τῆς
1237 4002 1401 4069 Ἀφροδίτης
1419 4000 1454 4051 ὂ(-

294 4091 386 4145 ὂάοκει
409 4090 469 4151 τοὺς
491 4092 666 4161 προσέχοντας
689 4092 726 4144 ὅτι
749 4091 864 4161 μουσικὴ
889 4092 977 4161 φαύλη
1001 4093 1047 4147 καὶ
1071 4094 1173 4161 ᾄσματα
1195 4091 1297 4162 πονηρὰ
1320 4092 1366 4146 καὶ
1389 4091 1454 4158 λόγοι
