3146 4832
821 226 839 287 6

248 443 308 505 que
338 419 479 506 partibus
509 421 633 507 saepius
665 420 778 506 allegat
808 443 901 505 quam
930 420 1129 505 theogoniam
1141 446 1149 500 3
1184 420 1267 485 unde
1296 421 1327 484 in
1357 420 1411 485 illo

249 528 384 591 carmine
417 528 535 591 acriora
566 550 637 592 eum
667 527 772 592 studia
801 550 894 613 quam
923 527 954 591 in
984 527 1044 591 hoo
1074 528 1277 592 collocavisse
1304 536 1411 592 nostro

250 633 317 698 iure
340 633 570 699 concludemus.
620 633 722 720 quue
750 635 794 698 ita
820 634 980 698 Plutarchi
1007 635 1133 720 ingenio
1163 643 1255 720 atque
1283 642 1411 698 naturae

250 748 493 805 consentaneum
516 750 565 805 est
587 749 623 805 ut
644 744 840 821 miraremur,
868 744 895 804 si
921 764 972 806 res
996 763 1085 806 00000
1109 764 1143 805 00
1165 741 1302 806 haberet.
1347 741 1410 819 Qui

250 848 331 911 enim
355 870 558 933 quaecunque
582 847 708 933 legebat
723 870 760 912 eo
776 856 898 912 tantum
912 848 1036 934 legebat
1051 848 1181 912 oonsilio
1204 857 1240 912 ut
1255 847 1294 912 ad
1310 871 1412 912 mores

249 953 438 1018 excolendos
462 954 538 1019 utile
562 952 680 1040 aliquid
702 954 775 1020 inde
794 954 940 1035 auierret,
963 958 1017 1040 qui
1040 952 1254 1019 adolescentes
1277 963 1413 1019 tanturn-

249 1060 343 1125 modo
366 1060 524 1142 παιδείας
547 1063 640 1129 ἓνενια
663 1059 713 1145 (de
729 1061 800 1126 aud.
815 1070 899 1147 poet.
915 1084 981 1147 cap.
1000 1064 1061 1144 11),
1083 1061 1114 1125 h.
1130 1084 1157 1126 0.
1172 1085 1293 1126 morum
1309 1085 1413 1126 emen-

251 1166 423 1231 dandorum
450 1168 563 1253 gratia,
589 1176 699 1254 poetas
727 1168 830 1253 legere
858 1167 999 1249 iubebat,
1027 1176 1143 1254 quanto
1170 1169 1197 1233 is
1227 1168 1332 1233 studio
1354 1192 1414 1254 pu-

250 1273 364 1338 tandus
393 1282 442 1339 est
471 1277 638 1361 arripuisse
668 1298 792 1340 carmen
822 1275 867 1339 ita
896 1284 1108 1361 comparatum
1137 1284 1172 1339 ut
1201 1277 1414 1362 unusquisque

248 1381 314 1446 fere
330 1404 440 1447 versus
454 1381 647 1467 praeclarum
663 1383 779 1468 legenti
792 1390 994 1468 praeceptum
1009 1383 1126 1447 morale
1143 1381 1289 1447 offerret?
1319 1382 1414 1448 Certe

250 1488 310 1552 hoo
332 1510 456 1553 carmen
478 1491 577 1574 magis
600 1489 747 1553 idoneum
764 1497 831 1554 erat
845 1488 931 1574 quod
948 1488 987 1553 ad
1004 1489 1144 1554 studiose
1160 1490 1326 1575 legendum
1342 1512 1414 1553 eum

250 1595 399 1660 invitaret
421 1618 514 1681 quam
536 1596 668 1659 alterum
683 1618 807 1660 carmen
822 1595 938 1660 fabulis
954 1597 1109 1682 repletum
1124 1619 1200 1682 quas
1216 1598 1413 1682 interpretari

250 1702 454 1789 probabiliter
476 1725 539 1766 non
561 1709 686 1788 poterat
705 1703 766 1766 nisi
779 1701 966 1767 ‘Stoicorum
994 1705 1114 1767 ratione
1134 1703 1174 1767 ad
1195 1703 1271 1768 alias
1294 1726 1344 1768 res
1361 1726 1413 1768 eas

250 1809 442 1890 transferret,
465 1832 595 1895 eamque
611 1809 837 1895 interpretandi
852 1812 1006 1874 rationem
1029 1832 1104 1873 num
1126 1809 1205 1874 adeo
1223 1810 1415 1877 adamaverit

252 1924 287 1980 ut
308 1939 366 2002 per
392 1924 494 1980 totum
521 1938 645 1980 carmen
667 1938 769 2001 neque
796 1917 840 1980 ita
867 1918 1014 2001 exiguum
1043 1939 1111 1981 eam
1138 1917 1254 2002 agitare
1277 1918 1413 1982 animum

250 2022 413 2088 induceret
442 2023 517 2087 licet
547 2021 699 2087 dubitare.
754 2022 818 2088 Sed
845 2023 905 2086 hoo
932 2031 1004 2087 utut
1031 2032 1094 2103 est,
1124 2024 1176 2088 vel
1205 2024 1345 2089 locorum
1375 2046 1414 2088 ex

251 2139 383 2215 utroque
412 2132 546 2194 carmine
575 2152 594 2193 a
616 2128 784 2194 Plutarcho
811 2130 844 2193 in
872 2130 988 2215 scripta
1018 2152 1075 2195 sua
1102 2130 1258 2194 illatorum
1285 2153 1414 2196 numero

254 2237 402 2302 docemur
424 2237 456 2301 in
481 2237 627 2323 operibus
646 2243 679 2300 et
693 2235 804 2300 diebus
820 2236 968 2300 maiorem
985 2259 1056 2301 eum
1071 2236 1255 2301 industriam
1271 2240 1414 2323 posuisse

251 2367 344 2431 quam
366 2345 399 2408 in
422 2344 597 2429 theogonia

359 2450 506 2516 Ceterum
529 2450 569 2515 de
592 2450 738 2537 operibus
769 2458 802 2514 et
824 2450 934 2514 diebus
962 2450 1047 2535 quod
1069 2451 1222 2528 Boeotos,
1249 2451 1415 2515 Heliconis

251 2559 380 2638 0000100,
403 2580 545 2622 narrasse
561 2557 621 2622 sibi
637 2558 809 2622 Pausanias
825 2557 902 2621 dicit
916 2556 968 2619 IX
987 2559 1038 2636 31,
1054 2560 1092 2621 4:
1116 2564 1267 2625 Βοιωτῶν
1290 2557 1319 2626 οὶ
1336 2559 1414 2647 περὶ

251 2663 305 2733 τὸν
320 2659 466 2732 Ἑλικῶνα
484 2664 643 2745 οἰκοῦντες
658 2664 904 2754 παρειλημμένγγ
924 2662 998 2752 δόξῃ
1014 2664 1160 2750 λέγουσιν
1177 2659 1220 2745 ὡς
1235 2659 1313 2732 ἄλλο
1328 2660 1416 2732 Ἡσί-

252 2775 326 2853 οδος
347 2770 487 2861 ποιήσαι
510 2765 603 2839 οὐδὲν
626 2763 647 2861 ἢ
669 2763 810 2860 τοὶἚργα
824 2824 850 2837 ,.
871 2769 928 2837 καί
943 2797 1000 2856 μοι
1015 2768 1175 2857 μόλυβδον
1192 2772 1415 2839 ἐδείκνυσαν..

252 2879 466 2968 ἐγγέγραπται
491 2879 527 2945 δὲ
551 2871 640 2967 αὐτῷ
661 2876 703 2945 τὰ
717 2872 811 2967 Ἔργα
835 2917 876 2924 -
900 2876 933 2940 id
956 2876 1152 2958 Plutarchus,
1174 2879 1314 2942 Boeotus
1337 2878 1417 2964 ipse,

253 3007 438 3071 quamquam
462 2985 516 3050 vix
538 2984 710 3070 ignorabat,
733 2985 766 3047 in
789 2986 913 3070 scriptis
937 2985 1002 3067 suis
1025 3006 1065 3048 ne
1082 2984 1179 3049 verbo
1202 2983 1328 3070 quidem
1343 2986 1417 3048 teti-

252 3096 306 3178 git
361 3091 425 3156 Sed
457 3091 686 3156 adiudioavisse
718 3114 789 3155 eum
820 3090 965 3155 Hesiodo
997 3089 1197 3176 theogoniam
1228 3091 1417 3157 documento

253 3208 326 3265 sunt
347 3221 457 3264 versus
485 3199 670 3284 theogoniae
698 3221 776 3283 quos
804 3206 839 3261 ut
865 3197 1045 3263 Hesiodeos
1073 3197 1177 3278 affert,
1205 3198 1293 3263 velut
1320 3223 1349 3265 v.
1373 3202 1415 3264 80

253 3310 285 3371 in
308 3314 428 3392 quaest,
450 3328 540 3370 conv.
564 3305 618 3369 IX
643 3308 693 3385 14,
718 3308 754 3370 7:
788 3308 846 3373 τοῦ
873 3304 968 3391 λόγου
995 3302 1032 3372 τὸ
1060 3304 1119 3390 μέν
1147 3306 1215 3372 ἐστι
1244 3304 1417 3374 πολιτικὸν

253 3415 308 3482 καὶ
331 3412 507 3500 βασιλικόν,
532 3405 582 3503 ἐφ>
607 3399 633 3500 ᾧ
655 3411 711 3503 τὴν
727 3411 918 3503 Καλλιόπην
941 3411 1097 3495 τετάχθαι
1116 3413 1214 3502 φησὶν
1230 3406 1247 3479 ὁ
1262 3407 1416 3495 Ἡσίοδος,

253 3545 282 3586 v.
308 3522 369 3585 117
401 3519 440 3584 (10
470 3519 533 3583 (101.
557 3541 637 3583 orac.
667 3541 734 3605 cap.
754 3523 792 3582 4:
836 3511 932 3608 αὐτὴν
960 3520 1020 3603 μὲν
1051 3510 1104 3585 οὖν
1133 3516 1190 3609 τὴν
1219 3521 1275 3609 γῆν
1305 3514 1417 3607 ὥσπερ

251 3623 428 3707 Ἡσίοδος.
455 3680 461 3692 .
487 3678 494 3692 ·
517 3620 667 3693 ‘advena
692 3627 764 3706 {dog
786 3618 944 3716 tapete&
968 3631 1155 3714 προσεῖπεν.
1203 3625 1264 3690 Oui
1286 3647 1362 3689 vero
1384 3626 1418 3690 hi

253 3734 315 3799 loci
338 3732 378 3797 ad
401 3732 652 3819 persuadendum
675 3754 744 3796 0000
767 3733 869 3795 minus
893 3733 959 3817 apti
973 3730 1130 3812 videntur,
1153 3732 1299 3816 quoniam
1314 3735 1418 3817 putari

255 3840 357 3927 possit
388 3839 574 3903 Plutarchus
605 3838 663 3902 hos
696 3859 806 3902 versus
837 3837 1017 3902 Hesiodeos
1050 3838 1240 3924 appellasse,
1276 3838 1417 3924 quando-

253 3946 380 4033 quidem
409 3945 546 4010 Hesiodi
575 3948 700 4010 nomine
729 3944 897 4029 theogonia
929 3943 1076 4025 ferretur,
1111 3968 1169 4010 nec
1203 3953 1308 4009 tamen
1343 3968 1417 4010 vere

252 4053 431 4123 Hesiodeos
455 4052 660 4133 existimasse,
682 4054 709 4116 is
732 4052 879 4141 inspiciat
893 4051 1115 4143 disputationis
1131 4074 1193 4137 qua
1216 4051 1255 4116 de
1278 4051 1418 4119 fraterno
