3146 4832
879 191 919 254 58

424 384 464 450 ad
487 409 517 452 v.
543 388 603 450 77:
627 389 700 467 πῶς
724 377 790 453 ἀνω
813 387 873 472 μὲν
895 383 977 467 Ζεὺς
998 380 1168 477 Ἡφαίστῳ
1191 385 1350 453 ἐκέλευσεν
1368 385 1447 452 ἐνθεῖ-

316 522 369 561 ναι
391 493 508 585 φωνήν,
532 497 585 561 νῦν
601 494 637 560 δὲ
661 486 678 560 δ
700 487 808 584 Ἑρμῆς
831 492 990 586 ἐντίθησις
1012 494 1123 585 ῥητέον
1146 485 1202 560 οὖν
1226 489 1270 572 ὡς
1292 489 1327 560 τὸ
1348 493 1399 578 μὲν
1416 492 1446 559 ἓν·

316 600 469 669 διάθαιον
492 601 624 683 ἐκεῖνος,
655 596 693 667 τὸ
721 601 757 667 δὲ
779 599 981 690 προφορικδν
1005 596 1022 669 ὁ
1044 594 1153 688 Ἑρμῆς
1174 599 1346 692 ἐντίθησιν.
1385 599 1449 662 Haec

316 707 449 793 duplicis
481 707 632 772 sermonis
666 706 825 785 distinctio
857 729 876 770 a
908 705 1023 771 Stoicis
1057 705 1197 792 profecta
1228 714 1292 785 est3
1329 707 1450 790 cogitarat
1514 776 1520 791 ι

316 813 443 899 quidem
467 813 506 878 de
529 836 563 878 re
585 815 648 877 iam
671 812 859 878 Aristoteles
882 814 971 895 (anal.
994 820 1075 899 post
1097 812 1116 876 Ι
1134 816 1173 878 10
1197 837 1226 899 p.
1244 816 1261 875 7
1265 815 1285 876 6
1302 813 1323 877 b
1340 817 1395 896 24),
1412 810 1450 875 sed

314 943 377 985 uon
401 921 506 985 verbis
529 942 598 984 eam
621 928 817 1006 expresserat
839 928 904 984 tum
927 920 1083 985 subtiliter
1105 928 1138 984 et
1160 920 1310 983 adstricto
1328 926 1344 984 “.

421 1026 462 1090 ad
477 1051 507 1091 v.
525 1030 604 1092 105:
629 1020 666 1095 οό
686 1026 819 1095 δυνατόν
842 1028 908 1095 ἐστι
930 1032 985 1094 τοῦ
1001 1026 1081 1108 Διὸς
1099 1029 1171 1095 νοῦν
1195 1028 1348 1110 ἐκκλῖναι,
1371 1023 1441 1092 lituu
1520 1077 1521 1082 1

315 1135 370 1224 τὴν
393 1133 604 1226 εἱμαρμένην·
627 1134 744 1225 ταύτην
766 1132 826 1222 γὰρ
850 1132 878 1202 oi
904 1135 1041 1202 Στωικοὶ
1064 1132 1143 1214 Διὸς
1165 1136 1239 1201 νοῦν
1262 1128 1439 1226 προσηγορότ·

314 1268 416 1309 καοιν.

423 1348 463 1412 ad
486 1372 516 1413 u.
540 1351 622 1412 254:
647 1341 767 1441 ἡΔίκη
783 1400 816 1415 ..
840 1353 924 1428 παῖς
946 1348 983 1415 δὲ
1006 1351 1062 1416 τοῦ
1085 1345 1172 1431 Διός,
1196 1346 1280 1415 διότι
1303 1346 1449 1436 νομοθέτης

646 1449 785 1477 Χ()Ι
937 1456 944 1476 t

316 1445 410 1537 οὗτός
432 1457 496 1523 ἐστι
521 1479 675 1540 κοσμικος
697 1482 741 1535 ως
764 1482 867 1542 αρχων
889 1482 945 1523 και
969 1453 1117 1541 βασιλεὺς
1138 1460 1202 1522 τῶν
1225 1448 1342 1522 δλωνῖ.
1384 1534 1388 1541 .

421 1562 462 1626 ad
484 1585 514 1626 v.
539 1565 620 1627 381:
645 1559 662 1629 ὃ
685 1563 743 1648 μὲν
766 1551 821 1630 οὖν
836 1553 959 1642 ’Ἄτλας
975 1616 1006 1630 ..
1030 1553 1180 1647 δυνάμεις
1202 1560 1337 1652 εἰληχώς
1358 1564 1451 1647 διορισ

818 1661 996 1692 ὶῦίι

313 1668 404 1750 τικάς
436 1662 570 1759 οὐρανοῦ
602 1671 658 1737 καὶ
689 1673 753 1759 γῆς,
787 1673 818 1736 δι
853 1697 892 1748 ας
915 1695 932 1735 ο
955 1697 1014 1754 μεν
1037 1669 1205 1762 ἒξηρμένος
1236 1672 1293 1758 τῆς
1321 1671 1373 1758 γῆς
1396 1663 1452 1752 περὶ

314 1771 411 1866 αὐτὴν
434 1780 568 1844 δινιῖται
591 1775 645 1845 τὸν
669 1769 719 1844 ἀεὶ
740 1768 875 1865 χρόνονῧ.

315 1883 406 1947 Haec
436 1885 539 1967 igitur,
566 1905 645 1967 quae
673 1882 849 1947 Stoicorum
875 1883 1027 1947 rationem
1053 1905 1127 1969 prae
1157 1905 1191 1946 se
1222 1882 1339 1961 ferunt,
1364 1878 1454 1944 exami-

318 2011 392 2053 nare
408 2012 490 2053 nunc
506 1990 539 2052 in
553 1989 657 2053 animo
673 1998 730 2071 est,
745 1991 773 2054 si
788 1989 864 2075 quid
879 1990 959 2054 forte
975 2012 1081 2054 eorum
1097 1990 1265 2053 Plutarcho
1280 1985 1452 2053 tribuendum

316 2099 365 2160 sit.
403 2097 510 2181 Atque
533 2095 618 2180 quod
641 2098 775 2182 primum
796 2096 929 2160 fecimus
951 2119 1108 2161 musarum
1124 2097 1258 2161 nominis
1274 2094 1450 2180 veriloquim

315 2203 383 2268 sive
407 2226 446 2267 ex
468 2204 538 2288 ipso
561 2203 692 2267 Platone
715 2203 777 2266 huc
799 2204 1021 2289 transcriptum
1049 2213 1098 2269 est
1125 2205 1192 2268 sive
1221 2203 1331 2269 Stoico
1358 2200 1452 2266 ouidm

316 2311 434 2374 auctori
457 2309 599 2391 debetur,
621 2333 640 2374 a
662 2310 831 2374 Plutarcho
853 2311 988 2375 alienum
1005 2310 1152 2375 videtur⁴¹
1176 2333 1259 2390 esse3
1284 2312 1312 2375 is
1334 2310 1414 2386 enim,
1430 2312 1454 2366 ul

316 2525 350 2578 ad
370 2523 460 2594 theog.
476 2542 500 2579 v.
516 2527 580 2578 565:
600 2525 645 2577 καὶ
662 2524 781 2578 Ἰαπετὸν
794 2524 841 2593 τὴν
854 2527 956 2592 κίνησιν
974 2524 1063 2587 αὐτοῦ,
1081 2523 1152 2591 παρὰ
1171 2523 1199 2576 τὸ
1217 2524 1305 2576 ἵεσθαι
1325 2524 1369 2577 καὶ
1384 2517 1453 2586 παρεό-

315 2615 399 2667 εσθαι.
419 2614 501 2682 ὁγὰρ
520 2614 630 2682 οὐρανός
648 2615 793 2682 ἀεικίνητός
812 2614 880 2678 ε’στι,·
907 2618 990 2683 etym.
1011 2613 1083 2668 Gud.
1104 2615 1167 2668 269:
1193 2611 1264 2681 παρὰ
1283 2614 1314 2665 τὸ
1333 2613 1409 2666 ἵεσθαι
1423 2604 1453 2658 καὶ

314 2704 445 2756 πέτεσθαι.

423 2794 432 2822 ¹
451 2793 493 2846 uf.
512 2792 608 2859 Zeller,
626 2792 801 2862 Philosophie
820 2791 870 2845 der
887 2792 1049 2859 Griechen³‚
1069 2791 1116 2844 ΙΙΙ
1136 2795 1149 2843 l
1170 2809 1196 2860 p.
1212 2792 1255 2858 67,
1275 2794 1300 2844 1.

424 2882 546 2937 2ὃλοὶοιι
570 2881 637 2935 haec
660 2899 717 2937 esse
740 2882 868 2936 videntur
890 2887 1002 2951 propter
1019 2880 1134 2935 Comuti
1157 2897 1216 2949 cap.
1236 2881 1265 2933 9:
1286 2922 1291 2933 .
1313 2923 1318 2933 .
1342 2878 1446 2935 ,ortuo

316 2971 383 3041 (scil.
402 2972 417 3023 ὁ
435 2970 512 3041 Ζεὺς)
537 2973 573 3029 εἰς
595 2979 681 3025 πᾶσαν
700 2973 810 3039 δύναμιν
833 2971 878 3023 καὶ
901 2971 988 3038 σχέσιν
1006 2970 1052 3023 καὶ
1074 2971 1178 3024 πάντων
1197 2971 1276 3028 αἴτιος
1300 2971 1349 3024 καὶ
1371 2967 1451 3028 ἐπόπτης

300 3061 389 3114 ,ἐστίν
408 3062 478 3114 οὕτω
497 3061 629 3129 δ’ἒρρήθη
647 3049 694 3114 καὶ
712 3068 757 3128 τῆς
776 3062 859 3128 Δίκης
877 3059 962 3128 πατὴρ
981 3059 1053 3113 εἶναι.

422 3151 432 3179 ³
450 3150 493 3205 Cf.
508 3151 621 3205 (lomut.
640 3167 699 3220 cap.
711 3152 757 3204 26:
777 3150 820 3203 τόν
833 3150 964 3202 Ἀτλαντα
983 3149 1172 3217 ἀταλαιπώρως
1191 3148 1348 3202 ἀποδιδόντα
1367 3146 1394 3200 τὰ
1409 3136 1457 3196 κατὰ

315 3239 376 3299 τοὺς
402 3240 635 3307 ἒμπεριεχομὲνους
661 3240 688 3291 ἒν
713 3240 784 3306 αὐτῷ
809 3240 902 3307 λόγους
927 3240 1047 3307 γινόμενα
1072 3239 1118 3291 καὶ
1141 3239 1211 3291 οὕτω
1237 3238 1283 3291 καὶ
1306 3238 1351 3291 τὸν
1369 3227 1458 3302 οὐρανόν

314 3330 484 3399 βαστάζοντα,
508 3330 575 3396 ἔχειν
594 3327 623 3382 δὲ
645 3330 734 3387 κίονας
752 3328 857 3397 μακρὰς
880 3327 924 3386 τὰς
947 3335 999 3381 τῶν
1018 3330 1154 3396 στοιχείων
1172 3327 1302 3395 δυνάμεις,
1327 3326 1421 3381 καθ’ἅς
1438 3315 1459 3370 ll

314 3423 361 3486 μὲν
376 3419 503 3487 ἀνωφερῆ
521 3419 582 3482 ἐστι,
601 3417 630 3471 τὰ
649 3418 679 3470 δὲ
692 3426 838 3486 καταφερῆ
847 3437 852 3448 ·
871 3418 922 3471 ὑπὸ
940 3419 1041 3471 τούτων
1058 3417 1106 3486 γὰρ
1126 3419 1324 3486 διακρατεῖσθαι
1343 3417 1385 3470 τὸν
1399 3412 1460 3478 οὖρα·

315 3510 362 3561 νὸν
379 3509 425 3561 καὶ
443 3507 490 3576 τὴν
507 3515 563 3576 γῆν.

422 3597 584 3664 ⁴Videtur‚
610 3597 730 3667 inquam.
767 3597 842 3650 Num
860 3614 910 3666 pro
928 3601 1001 3651 certo
1020 3596 1151 3650 affirmari
1170 3597 1272 3667 nequit.
1304 3595 1411 3649 Etenim
1427 3592 1461 3641 τοῖ’

315 3687 398 3755 χάους
417 3686 529 3757 quidem
547 3686 616 3740 duas
635 3686 814 3756 etymologias
833 3686 920 3751 affert,
938 3702 1022 3738 unam
1041 3704 1097 3756 qua
1114 3705 1131 3740 a
1148 3687 1294 3754 χαυδάνειν,
1313 3692 1345 3739 ut
1363 3683 1462 3739 videtur,

316 3775 463 3830 deducitur
480 3776 509 3829 in
532 3782 636 3847 quaest.
656 3792 733 3830 conv.
752 3776 781 3830 V
799 3778 824 3842 5,
844 3775 875 3826 2:
903 3774 1041 3842 εὐδοκιμεῖ
1056 3775 1085 3828 δὲ
1103 3778 1263 3845 θαυμαστῶς
1282 3775 1328 3828 καὶ
1348 3770 1462 3827 Ἠσίοδος

316 3867 412 3919 εἰπών·

473 3955 530 4022 ἤτοι
549 3954 597 4022 μὲν
615 3954 747 4023 πρώτιστα
765 3952 830 4021 χάος
848 3952 946 4021 γένετ’·

313 4046 405 4116 χώραν
422 4044 471 4115 γὰρ
491 4046 542 4097 ἔδει
561 4044 606 4098 καὶ
626 4046 705 4097 τόπον
723 4044 935 4113 προυποκεΐσθαι
954 4051 1007 4101 τοῖς
1025 4044 1185 4113 γενομένοις,
1204 4044 1318 4098 alteram
1337 4061 1371 4098 ex
1387 4048 1463 4111 quat
