3146 4832
574 272 787 371 -ἕῖ,

92 464 272 553 adscripto:
311 463 367 556 τὴν
394 463 512 534 πενίαν
540 458 584 556 iil
613 460 703 556 ἡμεῖς
732 464 856 548 ἑαυτοῖς
878 467 1094 555 προξενοῦμεν
1116 468 1223 550 διχῶς,
1246 457 1267 556 ἢ

94 568 139 642 δι’
167 567 279 662 ἀργίαν
306 565 326 663 ἢ
350 568 390 640 δι’
416 568 557 641 ἀσωτίαν
579 564 764 658 πενόμενοι,
793 568 815 664 ἢ
837 565 908 641 ἀπδ
931 576 986 642 τοῖν
1008 571 1131 655 παντὸς
1154 571 1268 659 ἔχομεν

96 674 395 772 ἀποκληρωθεῖσαν
417 674 503 770 ἡμῖν.
527 675 644 774 ταύτην
672 672 727 748 οὖν
751 676 838 764 ἀξιοῖ
864 678 909 770 μη
933 672 1113 765 ὀνειδίζειν,
1142 674 1186 762 οῖς
1212 679 1268 770 τήν

97 813 134 876 γε
161 786 238 876 παρ’
262 781 347 878 ἡμεῖς
370 782 461 868 ἀξίαν
484 781 566 855 εἶναι
589 786 711 878 μυρίων
733 783 880 872 ὀνειδῶν,
904 779 941 855 οδ
964 787 1187 880 βοηθουμένην
1210 780 1265 878 ἀφ’

96 892 196 985 ἡμῶν.
222 888 304 962 οῖ’τω
326 890 366 984 δὴ
389 893 445 961 καί
468 890 562 963 νόσον
584 894 641 985 τὴν
663 895 723 980 μὲν
747 893 941 987 εἱμαρμένην
962 890 999 962 od
1019 897 1070 962 δεῖ
1090 886 1266 978 ὀνειδίζειν,

94 1000 152 1092 τὴν
175 1003 211 1069 δὲ
233 996 304 1068 ἀπὸ
326 1004 382 1091 τῆς
397 995 553 1092 ἡμετέρας
568 997 726 1091 ἀκρασίας
745 999 800 1069 διδ
815 1000 873 1092 τὴν
890 996 1047 1092 ἀκρασίαν
1063 997 1266 1084 ὀνειδιστέον,

92 1103 153 1192 οἷς,
172 1105 245 1192 ε’ξόν
262 1102 424 1195 ὑγιαίνειν,
449 1101 505 1192 οίχ
527 1102 666 1199 δπόρχει
689 1113 779 1176 τοῖτο
803 1101 845 1176 δι’
863 1104 961 1200 αὐτην
982 1106 1142 1172 desiderat
1161 1109 1265 1172 Patri-

89 1215 164 1301 gius
188 1214 479 1301 interpretationem
502 1237 571 1280 eam
593 1237 673 1300 quae
696 1214 873 1301 proferatur
895 1212 935 1280 de
959 1214 1030 1280 aud.
1045 1223 1129 1301 poct.
1145 1237 1212 1301 cap.
1229 1217 1265 1279 δε

91 1323 153 1390 καὶ
177 1321 278 1389 πάλιν
300 1316 376 1389 ὅταν
397 1322 487 1413 λέγη·

259 1425 436 1520 μηδέποτ’
463 1421 636 1523 οὐλομένην
659 1427 776 1523 πενίην
799 1428 1017 1520 θυμοφθόρον
1040 1424 1132 1519 ἀνδρὶ

258 1532 386 1603 τέτλαθ’
413 1529 583 1620 ὀνειδίζειν
604 1535 758 1627 μακάρων
780 1535 869 1604 δόσιν
892 1535 963 1605 αῖὲν
984 1534 1106 1621 ε’όντων,

96 1639 271 1710 θεόσδοτον
298 1645 352 1711 νῖιν
377 1641 413 1711 τὸ
441 1640 573 1737 τνχηρδν
601 1641 740 1737 είρηκεν,
770 1638 813 1725 αῖς
840 1637 900 1712 οὐκ
913 1637 1012 1727 ἀξιον
1036 1644 1180 1730 ἐγκαλεῖν
1202 1649 1269 1724 τοῖς

98 1747 153 1817 διὰ
175 1746 232 1840 την
255 1749 346 1843 τόχην
370 1751 570 1836 πενομένοις,
595 1744 678 1818 ἀλλὰ
704 1749 760 1841 την
786 1748 855 1836 μετ’
882 1745 995 1840 ἀργίας
1021 1751 1078 1818 καί
1105 1750 1270 1836 μαλακίας

97 1857 154 1923 καὶ
185 1855 397 1938 πολυτελείας
428 1851 571 1948 ἀπορίαν
608 1857 753 1941 κακίζειν
790 1856 919 1948 αίοχράν
955 1858 1013 1925 καὶ
1050 1857 1268 1926 ἐπονείδιστον

97 1953 202 2032 οὖσαν.
249 1964 297 2027 At
327 1965 368 2029 ab
399 1964 457 2029 hac
488 1986 550 2028 non
584 1964 629 2029 ita
654 1964 780 2029 diversa
801 1964 928 2030 videtur
957 1964 1067 2030 scholii
1091 1965 1266 2051 explicatio.

95 2070 277 2155 Utrobique
300 2071 383 2135 enim
406 2070 610 2157 distinguitur
637 2072 720 2136 inter
741 2080 958 2159 paupertatem
985 2074 1017 2136 in
1046 2094 1138 2157 quam
1160 2081 1269 2136 nostra

93 2178 190 2263 culpa
219 2178 412 2242 incurramus
440 2187 472 2243 et
499 2201 568 2243 cam
595 2199 674 2265 quae
705 2179 869 2244 immeritis
902 2171 993 2244 nobis
1026 2180 1201 2265 contingat,
1229 2202 1267 2244 co

95 2293 220 2349 tantum
243 2283 422 2350 discrimine
446 2294 482 2350 ut
496 2285 576 2350 hano
591 2285 697 2350 deberi
722 2286 806 2350 dicat
828 2287 860 2350 in
876 2285 995 2350 scholio
1011 2308 1113 2351 rerum
1129 2294 1269 2366 naturae,

100 2391 198 2455 altero
224 2392 294 2455 loco
325 2392 478 2458 fortunae.
522 2392 649 2458 Deinde
678 2393 772 2457 etiam
799 2393 959 2458 Plutarchi
987 2415 1056 2458 mos
1079 2393 1268 2479 conspicuus

103 2498 205 2562 estin
228 2498 346 2563 scholio
370 2499 403 2563 id
426 2498 512 2585 quod
534 2507 629 2586 pocta
651 2498 691 2564 de
714 2522 747 2564 re
770 2522 832 2564 una
855 2499 933 2564 dicit
959 2500 1020 2564 alio
1050 2499 1269 2565 transferendi.

207 2604 271 2670 Sed
294 2605 448 2677 scholium
471 2605 512 2671 ad
535 2630 564 2673 v.
590 2609 653 2672 744
676 2630 721 2692 sq.
745 2606 887 2691 (Gaisi.):

260 2715 342 2807 μηδὲ
365 2713 465 2799 δόμον
488 2718 596 2783 ποιῶν
620 2710 827 2798 ἀνεπίξεστον
850 2712 1069 2798 καταλείπειν,

260 2819 307 2911 μή
330 2848 380 2889 τοι
403 2822 579 2913 ἐφεζομένη
601 2820 708 2913 κρώζη
730 2823 888 2911 λακέρυζα
911 2821 1034 2914 κοραίνη

98 2927 300 2993 adnotatum:
330 2927 361 2996 oi
384 2930 444 3014 μέν
468 2923 517 2996 ὅτι
539 2932 588 2997 δεῖ
614 2927 674 3009 τάς
696 2928 804 3009 οἰκίας
825 2928 892 3018 πρὸ
914 2932 1071 3014 χειμῶνος
1093 2932 1270 2997 συντελεῖν·

101 3031 118 3105 δ
142 3036 202 3126 γὰρ
226 3035 372 3125 κρωγμδς
393 3038 451 3127 τῆς
472 3036 615 3128 κορώνης
641 3042 793 3121 χειμῶνος
816 3036 975 3122 σύμβολον
994 3055 1002 3070 ·
1026 3034 1057 3103 οῖ
1085 3037 1122 3104 δὲ
1150 3031 1200 3104 ὅτι
1225 3036 1271 3127 μὴ

103 3134 199 3234 ἀτελῆ
232 3144 333 3228 δεῖ[ν]
363 3142 419 3211 τδν
446 3137 534 3211 οἷκον
562 3144 632 3223 ε’ἇν,
663 3140 709 3233 μὴ
736 3140 841 3232 ψόγον
869 3141 1019 3233 ἐπαγάγῃ
1047 3138 1126 3231 παρ’
1157 3137 1271 3225 ἀλλων,

105 3240 158 3330 οῖς
179 3277 217 3340 τη
241 3241 367 3341 κορώνη
391 3245 584 3333 ἀπείκασεν,
614 3244 657 3330 ιδς
686 3247 796 3317 πολλὰ
824 3242 862 3317 δν
894 3250 1145 3341 φθεγξαμένους,
1179 3276 1272 3335 νεμε-

104 3362 227 3438 σῶντας
242 3357 301 3423 ἐπί
317 3359 360 3445 τῷ
378 3358 533 3426 έλλειπεῖ.
558 3360 607 3426 δεῖ
630 3357 666 3424 δέ
689 3357 747 3424 καί
770 3357 832 3424 ἐπὶ
849 3354 891 3424 τὰ
907 3348 990 3423 ἀλλα
1004 3354 1042 3424 τὸ
1058 3355 1272 3445 παροίγγελμα

102 3463 272 3532 διατείνειν
294 3465 352 3531 καὶ
374 3466 475 3555 μηδὲν
497 3467 560 3532 τῶν
582 3458 744 3554 ἡμετέρων
768 3461 866 3553 έργων
882 3456 991 3544 ἀτελές
1005 3467 1159 3555 περιορᾶν
1174 3462 1272 3555 φερό-

99 3598 208 3657 μενον,
232 3564 301 3637 ἀλλ)
327 3562 453 3660 ἓκοίατηι
475 3569 511 3639 τδ
534 3573 701 3662 προσῆκον
731 3563 866 3659 ε’πάγειν
893 3571 983 3651 τέλος
1010 3570 1179 3635 Plutarcho
1206 3573 1272 3635 iure

99 3677 265 3763 Patzigius
288 3677 446 3759 adscribit,
469 3700 540 3742 cum
562 3680 595 3742 in
619 3678 664 3743 eis
687 3677 855 3742 suadeatur
876 3686 912 3742 ut
927 3677 1025 3743 verba
1038 3686 1150 3763 poetae
1172 3686 1274 3742 trans-

99 3786 245 3851 ieramus
269 3784 309 3848 ad
331 3807 382 3849 res
407 3785 499 3867 alias,
521 3784 555 3849 id
577 3785 663 3871 quod
677 3784 864 3850 Plutarchus
882 3786 1035 3872 praecipit
1049 3785 1089 3850 de
1104 3784 1175 3850 aud.
1190 3793 1274 3871 poet

99 3916 173 3980 cap.
200 3893 241 3958 13
265 3891 316 3976 (cf.
338 3916 369 3979 p.
394 3895 455 3977 17).

214 4127 224 4156 1
242 4125 288 4179 Ita
306 4124 481 4180 scribendum
499 4123 610 4180 ridetur
626 4142 677 4195 pro
694 4127 735 4194 ἥν.
