3146 4832
619 225 743 323 ,ει

139 417 161 511 ἡ
185 422 280 488 πᾶσα
306 416 406 500 πόλις
432 418 538 513 δίκην,
569 414 613 501 οῖς
640 420 710 505 ἐξδν
738 419 872 490 κωλέειν
904 422 949 511 μὴ
977 419 1141 490 κωλύουσα
1168 422 1223 510 τὴν
1250 424 1304 490 τοῦ

143 526 217 608 ἐνὸς
239 525 404 618 πονηρίαν.
428 525 509 595 σέτω
539 528 596 595 καὶ
624 529 680 595 τοῦ
708 524 945 616 Ἀγαμέμνονος
974 522 1131 609 αὐθαδῶς
1156 532 1202 617 τῷ
1229 526 1306 618 ἱερεῖ

144 635 414 722 προσενεχθέντος
435 633 481 714 εἰς
502 633 630 715 πάντας
645 628 794 726 Ἕλληνας
816 635 969 704 διέτεινεν
992 631 1145 721 δλοιμός,
1168 632 1212 715 ὡς
1234 661 1304 702 πα-

144 741 253 829 ρέντας
274 747 438 834 βοηθήσοι
463 746 508 829 τῷ
531 739 630 829 ἱερεῖ·
654 741 711 809 καὶ
738 745 793 809 τοῦ
815 740 963 822 Αῖαντος
990 735 1206 832 ἀσεβήσαντος
1227 743 1305 833 περὶ

142 846 179 915 τδ
201 850 257 938 τῆς
277 843 419 940 Ἀθηνᾶς
445 846 531 937 ἱερὸν
555 847 675 929 πάντες
702 846 805 934 ἐνοχοι
828 853 867 939 τῇ
895 847 969 938 δίκη
992 847 1170 935 γεγόνασιν,
1194 844 1238 929 οῖς
1259 849 1304 940 μή

142 953 420 1046 ἀγανακτήσαντες
442 955 502 1022 ἐπὶ
524 958 568 1044 τῷ
592 950 779 1045 ἀσεβήματι.
804 958 852 1023 δεῖ
874 955 999 1046 γὰρμὴ
1023 956 1212 1047 ἐπιτρέπειν
1239 961 1306 1036 τοῖς

72 1086 80 1095 ‘
139 1056 305 1152 ὑβρισταῖς
328 1063 409 1155 μηδέ
430 1054 643 1130 συνεπινεύων
659 1069 726 1143 τοῖς
740 1055 875 1145 ἀδίκοις,
891 1063 1084 1147 δυναμένους
1094 1064 1154 1148 μέν
1165 1066 1304 1146 παῦσαι,

137 1171 363 1259 περιορῶντας
394 1169 431 1236 δέ
462 1172 518 1236 τοῦ
541 1172 668 1237 παῦσαι
689 1168 747 1259 τήν
771 1168 918 1252 ἐξουσίαν
941 1172 1004 1236 τῶν
1032 1176 1190 1263 πονηρῶν,
1220 1169 1305 1255 quod

139 1297 200 1340 nos
225 1274 394 1339 Plutarcho
417 1274 690 1363 adscripseramus‚
711 1278 798 1362 prius
821 1298 914 1361 quam
938 1298 957 1340 a
978 1275 1120 1361 Patnigio
1142 1298 1305 1362 recupera-

142 1390 212 1445 tum
235 1382 503 1467 cognovissemus,
531 1385 559 1448 is
587 1392 716 1469 propter
745 1383 887 1469 exempla
914 1383 1085 1448 Homerica
1112 1391 1144 1447 et
1166 1405 1305 1469 eaquae

144 1488 276 1553 Taetzes
307 1488 347 1553 ad
375 1488 508 1554 cundem
535 1489 638 1555 locum
665 1489 757 1555 affert
784 1489 878 1577 (apud
902 1489 1012 1574 Gaias.)
1042 1489 1203 1554 Plutarchi
1236 1512 1305 1556 esse

145 1603 258 1660 censet.
308 1597 414 1682 Atque
447 1596 524 1660 illud
556 1596 683 1682 quidem
715 1605 801 1662 recte
832 1596 997 1678 iudicavit;
1032 1618 1071 1662 cx
1104 1597 1190 1661 nullo
1222 1599 1305 1662 enim

144 1703 294 1789 scriptore
317 1705 441 1790 saepius
465 1705 607 1791 exempla
627 1713 768 1791 repetere
783 1704 986 1769 Plutarchum
1001 1726 1093 1789 quam
1110 1726 1150 1767 ex
1163 1703 1305 1768 Homero

144 1811 274 1895 quaevis
296 1810 361 1875 fere
393 1811 476 1875 illius
509 1811 658 1876 librorum
689 1812 803 1898 pagina
830 1810 932 1877 docet.
977 1810 1041 1876 Sed
1071 1833 1150 1896 quae
1173 1811 1304 1877 Tzetzes

140 1916 253 1982 habet:
279 1915 358 2002 ἐχεις
380 1918 590 2007 παράδειγμα
613 1918 668 1986 τὸν
683 1917 788 2009 Πάριν
808 1914 1025 2009 Ἀλέξανδρον,
1049 1914 1090 1986 δι’
1108 1909 1144 1987 ὃν
1166 1915 1186 2010 ἡ
1205 1918 1305 2008 Τροία

140 2019 321 2092 ἀπώλετο·
346 2023 426 2109 έχεις
457 2025 513 2094 τὸν
539 2026 657 2119 Ξέρξην
687 2025 742 2095 τὸν
764 2023 936 2117 βάρβαρον,
965 2021 1006 2092 δι’
1031 2017 1067 2092 ὃν
1089 2022 1305 2116 ἐδάκρυσενή

140 2133 268 2220 Περσὶς
298 2133 423 2213 παντὸς
450 2125 548 2223 αὐτῆς
578 2136 634 2201 του
666 2124 788 2212 ἀνδους
819 2128 1029 2213 ἀπολωλότος
1058 2135 1116 2223 τής
1143 2136 1304 2223 στρατιᾶς

140 2238 227 2322 ἐχεις
250 2245 420 2330 σπινθῆρα
436 2239 629 2329 Μεγαρικόν,
646 2233 687 2307 δι’
705 2229 741 2307 οὗ
756 2242 920 2330 Περικλῆς
934 2242 1108 2330 συμφορῶν
1122 2240 1179 2330 τήν
1193 2245 1306 2308 πᾶσαν

140 2340 272 2413 Ἑλλάδα
295 2345 521 2437 πεπλήρωκεν,
545 2368 582 2410 ea
604 2345 787 2425 Plutarcho,
816 2368 909 2431 quem
939 2344 979 2409 ad
1003 2368 1095 2410 unam
1119 2346 1305 2411 sententiam

145 2450 358 2517 illustrandam
380 2455 517 2538 quinque
539 2453 690 2538 exemplis
714 2453 912 2539 comparibus
934 2453 981 2515 uti
997 2453 1051 2517 vix
1066 2475 1202 2538 unquam
1218 2452 1306 2518 vide-

145 2557 202 2638 bis,
223 2582 286 2623 non
310 2558 418 2624 deberi
448 2568 607 2645 putamus,
634 2582 672 2625 eo
695 2559 798 2624 minus
820 2558 905 2645 quod
933 2558 1085 2624 scholium
1108 2560 1306 2625 Proclianum

143 2668 297 2752 integrum
320 2674 483 2752 totumque
499 2666 624 2731 videtur
645 2666 795 2731 traditum
818 2688 897 2732 csse.
938 2666 1086 2732 Ceterum
1109 2667 1305 2753 unumquod-

143 2796 207 2858 que
239 2773 306 2838 fere
337 2773 429 2838 huius
462 2775 655 2839 enuntiatum
686 2773 888 2838 Plutarchum
919 2773 1034 2860 legenti
1066 2776 1098 2838 in
1127 2776 1305 2840 memoriam

140 2888 288 2945 revocat:
319 2882 352 2944 in
383 2882 484 2968 primo
515 2884 653 2946 cernitur
683 2881 820 2946 studium
853 2881 931 2946 illud
962 2881 1123 2947 Plutarchi
1152 2883 1305 2967 purgandi

139 2986 321 3052 Hesiodum
348 2988 388 3052 ab
419 2988 504 3052 omni
534 2989 650 3075 probro
677 3011 739 3075 quo
766 2989 900 3053 forsitan
923 2990 1031 3053 vexari
1061 2991 1175 3075 possit;
1207 2989 1304 3054 altero

142 3095 319 3159 continetur
342 3095 532 3181 comparatio
559 3118 578 3160 a
604 3095 713 3160 morbo
743 3098 856 3182 petita,
883 3118 976 3181 quam
1004 3097 1036 3160 in
1064 3095 1184 3160 deliciis
1211 3096 1306 3162 habet

143 3201 343 3282 Plutarchus,
365 3203 453 3266 velut
475 3202 584 3267 scribit
605 3202 645 3267 de
668 3202 739 3267 irat.
762 3225 821 3266 am.
844 3225 910 3289 cap.
935 3206 973 3267 2:
1012 3197 1056 3284 ὡς
1078 3201 1138 3294 χάρ
1162 3202 1194 3271 αῖ
1219 3203 1304 3272 νόσοι

145 3315 209 3389 τοῖς
240 3309 370 3395 σώμασι
400 3308 446 3401 μή
478 3310 705 3401 προσιεμένοις
735 3307 770 3377 τὸ
804 3308 924 3379 οἰκεῖον
954 3313 1085 3377 πολλῶν
1116 3311 1306 3395 ἐμποιοῦσιν

142 3412 279 3484 ἀτόπων
302 3418 358 3485 καὶ
380 3420 546 3506 βλαβερῶν
562 3413 687 3507 ὀρέξεις,
711 3414 811 3498 οῖτως
825 3411 846 3508 ή
862 3416 946 3508 πρὸς
959 3417 997 3485 τὸ
1014 3418 1155 3505 συχχενές
1170 3418 1305 3509 διαβολή

139 3525 199 3592 καὶ
232 3520 391 3615 ἀφόρασις
424 3519 551 3610 ὁμιλίας
582 3523 741 3611 ἐπάχεται
772 3523 897 3615 φαύλας
928 3525 984 3592 καὶ
1015 3525 1159 3617 πονηρὰς
1190 3523 1238 3606 εἷς
1268 3523 1305 3593 τὸ

138 3632 277 3711 ἐκλιπές
299 3629 421 3712 ἔξωθεν
444 3630 664 3722 ἐπιρρεούσας,
692 3639 725 3696 et
747 3653 814 3717 cap.
837 3634 876 3696 8:
916 3685 923 3699 .
945 3685 952 3699 .
973 3684 981 3699 .
1004 3630 1049 3721 μή
1077 3632 1133 3699 καὶ
1155 3628 1251 3699 λάδω
1273 3659 1304 3699 τι

137 3743 294 3827 πατρῷον
317 3730 337 3827 ἢ
358 3744 504 3832 μητρῷον
527 3738 753 3826 ἐνεσταγμένον
776 3734 845 3806 ἀπὸ
862 3738 1048 3826 σπέρματος
1065 3737 1189 3831 νόσημα
1210 3742 1304 3823 χαλε-

138 3848 217 3926 ποῖς
237 3845 295 3912 καὶ
322 3848 448 3935 πικρῶς
474 3848 518 3935 τῷ
545 3851 649 3930 μισεῖν
676 3843 710 3913 ἐν
737 3869 788 3913 σοι
819 3842 978 3928 κολάζων,
1013 3847 1106 3909 tertio
1138 3846 1306 3932 exponitur

139 3951 303 4016 civitatem
326 3962 361 4017 ut
384 3975 479 4016 unum
503 3952 697 4039 simplexque
712 3974 825 4039 corpus
842 3952 979 4017 omnium
1002 3952 1128 4037 quaein
1145 3975 1182 4017 ca
1195 3975 1305 4038 geran-

139 4068 194 4125 tur
216 4062 366 4124 rationcm
390 4058 521 4124 reddere
545 4059 659 4141 debore
670 4085 678 4141 ;
701 4061 752 4124 cui
776 4060 886 4124 similis
910 4062 1064 4124 sententia
1085 4060 1243 4148 profertur
1265 4059 1304 4125 dc
