<?xml version="1.0" encoding="UTF-8"?>
<!DOCTYPE html PUBLIC "-//W3C//DTD XHTML 1.0 Transitional//EN"
    "http://www.w3.org/TR/xhtml1/DTD/xhtml1-transitional.dtd">
<html xmlns="http://www.w3.org/1999/xhtml" xml:lang="en" lang="en">
 <head>
  <title>
</title>
<meta http-equiv="Content-Type" content="text/html;charset=utf-8" />
  <meta name='ocr-system' content='tesseract 3.04.00' />
  <meta name='ocr-capabilities' content='ocr_page ocr_carea ocr_par ocr_line ocrx_word'/>
</head>
<body>
  <div class='ocr_page' id='page_1' title='image "./deplutarchistud00westgoog_0058.png"; bbox 0 0 3146 4832; ppageno 0'>
   <div class='ocr_carea' id='block_1_1' title="bbox 695 252 735 317">
    <p class='ocr_par' dir='ltr' id='par_1_1' title="bbox 695 252 735 317">
     <span class='ocr_line' id='line_1_1' title="bbox 695 252 735 317; baseline 0.05 -2"><span class='ocrx_word' id='word_1_1' title='bbox 695 252 735 317; x_wconf 89' lang='grc'>51</span> 
     </span>
    </p>
   </div>
   <div class='ocr_carea' id='block_1_2' title="bbox 122 443 1298 4173">
    <p class='ocr_par' dir='ltr' id='par_1_2' title="bbox 238 443 1297 528">
     <span class='ocr_line' id='line_1_2' title="bbox 238 443 1297 528; baseline 0.005 -20"><span class='ocrx_word' id='word_1_2' title='bbox 238 445 304 523; x_wconf 75' lang='lat' dir='ltr'>Qui</span> <span class='ocrx_word' id='word_1_3' title='bbox 326 468 402 510; x_wconf 92' lang='lat' dir='ltr'>vero</span> <span class='ocrx_word' id='word_1_4' title='bbox 426 443 485 510; x_wconf 88' lang='lat' dir='ltr'>hoc</span> <span class='ocrx_word' id='word_1_5' title='bbox 508 446 659 511; x_wconf 85' lang='lat' dir='ltr'>scholium</span> <span class='ocrx_word' id='word_1_6' title='bbox 682 446 853 512; x_wconf 76' lang='lat' dir='ltr'><strong>Plutarcho</strong></span> <span class='ocrx_word' id='word_1_7' title='bbox 875 447 1012 511; x_wconf 89' lang='lat' dir='ltr'>tribuere</span> <span class='ocrx_word' id='word_1_8' title='bbox 1035 447 1121 528; x_wconf 89' lang='lat' dir='ltr'>velit,</span> <span class='ocrx_word' id='word_1_9' title='bbox 1143 449 1170 512; x_wconf 90' lang='lat' dir='ltr'>is</span> <span class='ocrx_word' id='word_1_10' title='bbox 1194 447 1297 513; x_wconf 86' lang='lat' dir='ltr'>iacere</span> 
     </span>
    </p>

    <p class='ocr_par' dir='ltr' id='par_1_3' title="bbox 127 552 1157 640">
     <span class='ocr_line' id='line_1_3' title="bbox 127 552 1157 640; baseline 0.004 -25"><span class='ocrx_word' id='word_1_11' title='bbox 127 574 194 615; x_wconf 92' lang='lat' dir='ltr'>non</span> <span class='ocrx_word' id='word_1_12' title='bbox 217 560 324 638; x_wconf 87' lang='lat' dir='ltr'>potest</span> <span class='ocrx_word' id='word_1_13' title='bbox 345 553 419 637; x_wconf 91' lang='lat' dir='ltr'>quin</span> <span class='ocrx_word' id='word_1_14' title='bbox 444 552 594 638; x_wconf 85' lang='lat' dir='ltr'>adiungat</span> <span class='ocrx_word' id='word_1_15' title='bbox 615 575 695 638; x_wconf 91' lang='lat' dir='ltr'>quae</span> <span class='ocrx_word' id='word_1_16' title='bbox 718 552 759 617; x_wconf 88' lang='lat' dir='ltr'>ad</span> <span class='ocrx_word' id='word_1_17' title='bbox 782 576 811 618; x_wconf 86' lang='lat' dir='ltr'>v.</span> <span class='ocrx_word' id='word_1_18' title='bbox 836 556 899 618; x_wconf 87' lang='grc'>256</span> <span class='ocrx_word' id='word_1_19' title='bbox 923 553 1047 637; x_wconf 86' lang='lat' dir='ltr'>(Gaisf.)</span> <span class='ocrx_word' id='word_1_20' title='bbox 1071 576 1157 640; x_wconf 87' lang='lat' dir='ltr'>sqq.:</span> 
     </span>
    </p>

    <p class='ocr_par' dir='ltr' id='par_1_4' title="bbox 290 642 1220 750">
     <span class='ocr_line' id='line_1_4' title="bbox 290 642 1220 750; baseline 0.002 -23"><span class='ocrx_word' id='word_1_21' title='bbox 290 659 346 728; x_wconf 90' lang='grc' dir='ltr'><em>καί</em></span> <span class='ocrx_word' id='word_1_22' title='bbox 369 653 396 745; x_wconf 54' lang='grc' dir='ltr'>ῥ)</span> <span class='ocrx_word' id='word_1_23' title='bbox 413 656 506 729; x_wconf 74' lang='grc' dir='ltr'><em>ὁπότ’</em></span> <span class='ocrx_word' id='word_1_24' title='bbox 532 652 571 729; x_wconf 74' lang='lat' dir='ltr'>dv</span> <span class='ocrx_word' id='word_1_25' title='bbox 593 660 643 740; x_wconf 92' lang='grc' dir='ltr'><em>τίς</em></span> <span class='ocrx_word' id='word_1_26' title='bbox 664 688 719 746; x_wconf 90' lang='grc' dir='ltr'><em>μιν</em></span> <span class='ocrx_word' id='word_1_27' title='bbox 741 659 873 750; x_wconf 79' lang='grc' dir='ltr'><em>βλάπτῃ</em></span> <span class='ocrx_word' id='word_1_28' title='bbox 897 664 1035 743; x_wconf 77' lang='grc' dir='ltr'><em>σκολιῶς</em></span> <span class='ocrx_word' id='word_1_29' title='bbox 1052 642 1220 746; x_wconf 36' lang='grc' dir='ltr'><em>’ὀνοτάζωκ</em></span> 
     </span>
    </p>

    <p class='ocr_par' dir='ltr' id='par_1_5' title="bbox 291 766 1117 860">
     <span class='ocr_line' id='line_1_5' title="bbox 291 766 1117 860; baseline 0.002 -26"><span class='ocrx_word' id='word_1_30' title='bbox 291 766 408 835; x_wconf 84' lang='grc' dir='ltr'><em>αίτίκα</em></span> <span class='ocrx_word' id='word_1_31' title='bbox 431 767 501 857; x_wconf 80' lang='grc' dir='ltr'><em>πὰρ</em></span> <span class='ocrx_word' id='word_1_32' title='bbox 524 769 581 835; x_wconf 80' lang='grc' dir='ltr'>Διὶ</span> <span class='ocrx_word' id='word_1_33' title='bbox 603 768 708 856; x_wconf 83' lang='grc' dir='ltr'><em>πατρί</em></span> <span class='ocrx_word' id='word_1_34' title='bbox 731 768 934 860; x_wconf 69' lang='grc' dir='ltr'><em>καθεζομένη</em></span> <span class='ocrx_word' id='word_1_35' title='bbox 957 766 1117 856; x_wconf 79' lang='grc' dir='ltr'><em>Κρονίωνι</em></span> 
     </span>
    </p>

    <p class='ocr_par' dir='ltr' id='par_1_6' title="bbox 122 868 1298 3423">
     <span class='ocr_line' id='line_1_6' title="bbox 290 868 865 967; baseline 0 -26"><span class='ocrx_word' id='word_1_36' title='bbox 290 868 413 967; x_wconf 59' lang='grc' dir='ltr'><em>γηράετ)</em></span> <span class='ocrx_word' id='word_1_37' title='bbox 438 868 625 965; x_wconf 72' lang='grc' dir='ltr'><em>ἀνθρώπιον</em></span> <span class='ocrx_word' id='word_1_38' title='bbox 647 869 769 942; x_wconf 77' lang='grc' dir='ltr'><em>άόίκων</em></span> <span class='ocrx_word' id='word_1_39' title='bbox 793 871 865 943; x_wconf 86' lang='grc' dir='ltr'><em>νόον</em></span> 
     </span>
     <span class='ocr_line' id='line_1_7' title="bbox 129 979 1295 1071; baseline 0.003 -27"><span class='ocrx_word' id='word_1_40' title='bbox 129 979 279 1045; x_wconf 87' lang='lat' dir='ltr'>adnotata</span> <span class='ocrx_word' id='word_1_41' title='bbox 302 988 444 1045; x_wconf 84' lang='lat' dir='ltr'>exstant:</span> <span class='ocrx_word' id='word_1_42' title='bbox 491 980 548 1049; x_wconf 81' lang='grc' dir='ltr'><em>ἐάν</em></span> <span class='ocrx_word' id='word_1_43' title='bbox 575 1009 622 1062; x_wconf 83' lang='grc' dir='ltr'><em>τις</em></span> <span class='ocrx_word' id='word_1_44' title='bbox 648 981 685 1049; x_wconf 85' lang='grc' dir='ltr'><em>τὸ</em></span> <span class='ocrx_word' id='word_1_45' title='bbox 714 980 841 1049; x_wconf 82' lang='grc' dir='ltr'><em>δίκαιον</em></span> <span class='ocrx_word' id='word_1_46' title='bbox 868 980 1001 1071; x_wconf 90' lang='grc' dir='ltr'><em>βλάπτῃ</em></span> <span class='ocrx_word' id='word_1_47' title='bbox 1028 979 1295 1071; x_wconf 87' lang='grc' dir='ltr'><em>παραχαράττων.</em></span> 
     </span>
     <span class='ocr_line' id='line_1_8' title="bbox 128 1082 1298 1178; baseline 0 -23"><span class='ocrx_word' id='word_1_48' title='bbox 128 1082 213 1155; x_wconf 71' lang='grc' dir='ltr'><em>οὕτω</em></span> <span class='ocrx_word' id='word_1_49' title='bbox 237 1087 297 1178; x_wconf 82' lang='grc' dir='ltr'>γὰρ</span> <span class='ocrx_word' id='word_1_50' title='bbox 319 1087 461 1175; x_wconf 80' lang='grc' dir='ltr'><em>βλάπτει</em></span> <span class='ocrx_word' id='word_1_51' title='bbox 485 1082 656 1169; x_wconf 82' lang='grc' dir='ltr'><em>ὁσκολιιῦς</em></span> <span class='ocrx_word' id='word_1_52' title='bbox 677 1091 772 1157; x_wconf 80' lang='grc' dir='ltr'><em>τοῖτο</em></span> <span class='ocrx_word' id='word_1_53' title='bbox 789 1088 1013 1177; x_wconf 83' lang='grc' dir='ltr'><em>πράττωνκαὶ</em></span> <span class='ocrx_word' id='word_1_54' title='bbox 1030 1088 1086 1155; x_wconf 77' lang='grc' dir='ltr'>διὰ</span> <span class='ocrx_word' id='word_1_55' title='bbox 1100 1087 1298 1178; x_wconf 73' lang='grc' dir='ltr'><em>πανουργίας</em></span> 
     </span>
     <span class='ocr_line' id='line_1_9' title="bbox 127 1187 1297 1288; baseline 0.001 -26"><span class='ocrx_word' id='word_1_56' title='bbox 127 1187 289 1278; x_wconf 79' lang='grc' dir='ltr'><em>ὀνοτάζων</em></span> <span class='ocrx_word' id='word_1_57' title='bbox 325 1195 381 1285; x_wconf 79' lang='grc' dir='ltr'>τὴν</span> <span class='ocrx_word' id='word_1_58' title='bbox 412 1194 513 1288; x_wconf 78' lang='grc' dir='ltr'><em>Δίκην</em></span> <span class='ocrx_word' id='word_1_59' title='bbox 521 1249 528 1279; x_wconf 97' lang='grc'><em>,</em></span> <span class='ocrx_word' id='word_1_60' title='bbox 561 1190 657 1286; x_wconf 70' lang='grc' dir='ltr'><em>ἤγουν</em></span> <span class='ocrx_word' id='word_1_61' title='bbox 691 1188 747 1279; x_wconf 75' lang='grc' dir='ltr'>οὐχ</span> <span class='ocrx_word' id='word_1_62' title='bbox 778 1190 893 1275; x_wconf 80' lang='grc' dir='ltr'><em>ἁπλῶς</em></span> <span class='ocrx_word' id='word_1_63' title='bbox 924 1198 1092 1283; x_wconf 75' lang='grc' dir='ltr'><em>λοιδορῶν,</em></span> <span class='ocrx_word' id='word_1_64' title='bbox 1126 1190 1208 1262; x_wconf 80' lang='grc' dir='ltr'><em>ἀλλὰ</em></span> <span class='ocrx_word' id='word_1_65' title='bbox 1240 1196 1297 1263; x_wconf 82' lang='grc' dir='ltr'><em>καί</em></span> 
     </span>
     <span class='ocr_line' id='line_1_10' title="bbox 126 1295 1296 1395; baseline 0.002 -26"><span class='ocrx_word' id='word_1_66' title='bbox 126 1300 333 1385; x_wconf 81' lang='grc' dir='ltr'><em>έξευτελίζων</em></span> <span class='ocrx_word' id='word_1_67' title='bbox 355 1296 398 1383; x_wconf 78' lang='grc' dir='ltr'>ὡς</span> <span class='ocrx_word' id='word_1_68' title='bbox 420 1295 695 1395; x_wconf 77' lang='grc' dir='ltr'><em>είκαταφρόνητον</em></span> <span class='ocrx_word' id='word_1_69' title='bbox 717 1300 773 1370; x_wconf 78' lang='grc' dir='ltr'>διὰ</span> <span class='ocrx_word' id='word_1_70' title='bbox 795 1305 851 1370; x_wconf 75' lang='grc' dir='ltr'><em>τοῦ</em></span> <span class='ocrx_word' id='word_1_71' title='bbox 880 1301 1007 1370; x_wconf 77' lang='grc' dir='ltr'><em>δικαίου</em></span> <span class='ocrx_word' id='word_1_72' title='bbox 1035 1309 1253 1392; x_wconf 81' lang='grc' dir='ltr'><em>καταφρονεῖν.</em></span> <span class='ocrx_word' id='word_1_73' title='bbox 1278 1299 1296 1371; x_wconf 78' lang='grc' dir='ltr'>ὁ</span> 
     </span>
     <span class='ocr_line' id='line_1_11' title="bbox 126 1401 1294 1499; baseline 0.002 -24"><span class='ocrx_word' id='word_1_74' title='bbox 126 1406 188 1497; x_wconf 79' lang='grc' dir='ltr'>γὰρ</span> <span class='ocrx_word' id='word_1_75' title='bbox 211 1406 250 1475; x_wconf 83' lang='grc' dir='ltr'><em>τά</em></span> <span class='ocrx_word' id='word_1_76' title='bbox 273 1402 443 1495; x_wconf 73' lang='grc' dir='ltr'><em>ἀγάλματα</em></span> <span class='ocrx_word' id='word_1_77' title='bbox 466 1413 530 1477; x_wconf 82' lang='grc' dir='ltr'>τῶν</span> <span class='ocrx_word' id='word_1_78' title='bbox 551 1411 641 1479; x_wconf 80' lang='grc' dir='ltr'><em>θεῶν</em></span> <span class='ocrx_word' id='word_1_79' title='bbox 664 1404 801 1499; x_wconf 78' lang='grc' dir='ltr'><em>ὑβρίζων</em></span> <span class='ocrx_word' id='word_1_80' title='bbox 817 1401 930 1489; x_wconf 77' lang='grc' dir='ltr'><em>αὐτοὺς</em></span> <span class='ocrx_word' id='word_1_81' title='bbox 952 1402 1070 1496; x_wconf 73' lang='grc' dir='ltr'><em>ὑβρίζει</em></span> <span class='ocrx_word' id='word_1_82' title='bbox 1092 1406 1167 1489; x_wconf 73' lang='grc' dir='ltr'><em>τοὺς</em></span> <span class='ocrx_word' id='word_1_83' title='bbox 1181 1409 1294 1491; x_wconf 83' lang='grc' dir='ltr'><em>θεούς·</em></span> 
     </span>
     <span class='ocr_line' id='line_1_12' title="bbox 125 1505 1296 1608; baseline 0.002 -26"><span class='ocrx_word' id='word_1_84' title='bbox 125 1507 259 1602; x_wconf 76' lang='grc' dir='ltr'><em>άγαλμα</em></span> <span class='ocrx_word' id='word_1_85' title='bbox 282 1516 318 1583; x_wconf 79' lang='grc' dir='ltr'>δὲ</span> <span class='ocrx_word' id='word_1_86' title='bbox 340 1518 397 1606; x_wconf 76' lang='grc' dir='ltr'><em>τῆς</em></span> <span class='ocrx_word' id='word_1_87' title='bbox 412 1515 514 1608; x_wconf 80' lang='grc' dir='ltr'><em>Δίκης</em></span> <span class='ocrx_word' id='word_1_88' title='bbox 535 1516 571 1585; x_wconf 87' lang='grc' dir='ltr'><em>τὸ</em></span> <span class='ocrx_word' id='word_1_89' title='bbox 588 1515 723 1584; x_wconf 76' lang='grc' dir='ltr'><em>δίκαιον.</em></span> <span class='ocrx_word' id='word_1_90' title='bbox 747 1515 803 1583; x_wconf 82' lang='grc' dir='ltr'><em>έάν</em></span> <span class='ocrx_word' id='word_1_91' title='bbox 817 1505 872 1583; x_wconf 75' lang='grc' dir='ltr'><em>οὖν</em></span> <span class='ocrx_word' id='word_1_92' title='bbox 887 1543 935 1596; x_wconf 89' lang='grc' dir='ltr'><em>τις</em></span> <span class='ocrx_word' id='word_1_93' title='bbox 949 1513 1094 1584; x_wconf 75' lang='grc' dir='ltr'><em>τοιοῦτόν</em></span> <span class='ocrx_word' id='word_1_94' title='bbox 1111 1542 1143 1582; x_wconf 89' lang='grc' dir='ltr'><em>τι</em></span> <span class='ocrx_word' id='word_1_95' title='bbox 1159 1515 1296 1607; x_wconf 86' lang='grc' dir='ltr'><em>πράττῃ,</em></span> 
     </span>
     <span class='ocr_line' id='line_1_13' title="bbox 125 1614 1298 1717; baseline -0.001 -25"><span class='ocrx_word' id='word_1_96' title='bbox 125 1623 297 1714; x_wconf 74' lang='grc' dir='ltr'><em>καθημένη</em></span> <span class='ocrx_word' id='word_1_97' title='bbox 319 1624 412 1712; x_wconf 83' lang='grc' dir='ltr'><em>παρὰ</em></span> <span class='ocrx_word' id='word_1_98' title='bbox 439 1627 484 1711; x_wconf 78' lang='grc' dir='ltr'><em>τῷ</em></span> <span class='ocrx_word' id='word_1_99' title='bbox 513 1625 569 1690; x_wconf 72' lang='grc' dir='ltr'>Διί</span> <span class='ocrx_word' id='word_1_100' title='bbox 591 1618 612 1713; x_wconf 76' lang='grc' dir='ltr'><em>ἡ</em></span> <span class='ocrx_word' id='word_1_101' title='bbox 635 1621 719 1716; x_wconf 89' lang='grc' dir='ltr'><em>Δίκη</em></span> <span class='ocrx_word' id='word_1_102' title='bbox 746 1619 894 1717; x_wconf 75' lang='grc' dir='ltr'><em>γηρύεται</em></span> <span class='ocrx_word' id='word_1_103' title='bbox 920 1620 975 1691; x_wconf 85' lang='grc' dir='ltr'>τὸν</span> <span class='ocrx_word' id='word_1_104' title='bbox 1003 1614 1118 1691; x_wconf 77' lang='grc' dir='ltr'><em>άθικον</em></span> <span class='ocrx_word' id='word_1_105' title='bbox 1141 1626 1212 1691; x_wconf 73' lang='grc' dir='ltr'><em>νοῦν</em></span> <span class='ocrx_word' id='word_1_106' title='bbox 1234 1630 1298 1691; x_wconf 83' lang='grc' dir='ltr'>τῶν</span> 
     </span>
     <span class='ocr_line' id='line_1_14' title="bbox 125 1722 1298 1819; baseline 0.002 -22"><span class='ocrx_word' id='word_1_107' title='bbox 125 1725 390 1819; x_wconf 77' lang='grc' dir='ltr'><em>ἀνθρώπωνκαὶ</em></span> <span class='ocrx_word' id='word_1_108' title='bbox 414 1723 612 1816; x_wconf 78' lang='grc' dir='ltr'><em>ἀπαγγέλλει</em></span> <span class='ocrx_word' id='word_1_109' title='bbox 633 1736 678 1819; x_wconf 69' lang='grc' dir='ltr'><em>τῷ</em></span> <span class='ocrx_word' id='word_1_110' title='bbox 700 1730 810 1819; x_wconf 84' lang='grc' dir='ltr'><em>πατρί,</em></span> <span class='ocrx_word' id='word_1_111' title='bbox 834 1724 878 1810; x_wconf 82' lang='grc' dir='ltr'>ως</span> <span class='ocrx_word' id='word_1_112' title='bbox 901 1722 939 1797; x_wconf 71' lang='lat' dir='ltr'>dv</span> <span class='ocrx_word' id='word_1_113' title='bbox 962 1722 1020 1796; x_wconf 70' lang='grc' dir='ltr'><em>ἀπ’</em></span> <span class='ocrx_word' id='word_1_114' title='bbox 1039 1724 1138 1798; x_wconf 66' lang='grc' dir='ltr'>αὐτοίΙ</span> <span class='ocrx_word' id='word_1_115' title='bbox 1158 1724 1298 1813; x_wconf 77' lang='grc' dir='ltr'><em>δικάζειν</em></span> 
     </span>
     <span class='ocr_line' id='line_1_15' title="bbox 125 1831 1295 1928; baseline 0.002 -25"><span class='ocrx_word' id='word_1_116' title='bbox 125 1842 286 1920; x_wconf 87' lang='grc' dir='ltr'><em>ταχθεῖσα</em></span> <span class='ocrx_word' id='word_1_117' title='bbox 309 1838 365 1905; x_wconf 83' lang='grc' dir='ltr'><em>καὶ</em></span> <span class='ocrx_word' id='word_1_118' title='bbox 393 1837 511 1925; x_wconf 84' lang='grc' dir='ltr'><em>κρίνειν</em></span> <span class='ocrx_word' id='word_1_119' title='bbox 543 1836 653 1904; x_wconf 90' lang='grc' dir='ltr'><em>πάντα</em></span> <span class='ocrx_word' id='word_1_120' title='bbox 686 1831 747 1906; x_wconf 74' lang='grc' dir='ltr'>ὅσα</span> <span class='ocrx_word' id='word_1_121' title='bbox 779 1837 883 1927; x_wconf 73' lang='grc' dir='ltr'><em>ἐφορᾷ</em></span> <span class='ocrx_word' id='word_1_122' title='bbox 915 1831 932 1905; x_wconf 80' lang='grc' dir='ltr'><em>ὃ</em></span> <span class='ocrx_word' id='word_1_123' title='bbox 960 1833 1048 1916; x_wconf 79' lang='grc' dir='ltr'><em>Ζεύς.</em></span> <span class='ocrx_word' id='word_1_124' title='bbox 1077 1838 1169 1928; x_wconf 78' lang='grc' dir='ltr'><em>δηλοῖ</em></span> <span class='ocrx_word' id='word_1_125' title='bbox 1200 1838 1236 1904; x_wconf 79' lang='grc' dir='ltr'>δέ</span> <span class='ocrx_word' id='word_1_126' title='bbox 1260 1837 1295 1905; x_wconf 78' lang='grc' dir='ltr'><em>τὸ</em></span> 
     </span>
     <span class='ocr_line' id='line_1_16' title="bbox 125 1936 1295 2034; baseline -0.001 -21"><span class='ocrx_word' id='word_1_127' title='bbox 125 1946 306 2033; x_wconf 74' lang='grc' dir='ltr'><em>καθῆσθαι.</em></span> <span class='ocrx_word' id='word_1_128' title='bbox 326 1942 362 2012; x_wconf 83' lang='grc' dir='ltr'><em>τὸ</em></span> <span class='ocrx_word' id='word_1_129' title='bbox 384 1942 478 2034; x_wconf 81' lang='grc' dir='ltr'><em>παρὰ</em></span> <span class='ocrx_word' id='word_1_130' title='bbox 501 1948 546 2033; x_wconf 79' lang='grc' dir='ltr'><em>τῷ</em></span> <span class='ocrx_word' id='word_1_131' title='bbox 569 1947 640 2032; x_wconf 77' lang='grc' dir='ltr'><em>θεῷ</em></span> <span class='ocrx_word' id='word_1_132' title='bbox 663 1943 752 2027; x_wconf 84' lang='grc' dir='ltr'><em>τάξιν</em></span> <span class='ocrx_word' id='word_1_133' title='bbox 775 1939 871 2034; x_wconf 77' lang='grc' dir='ltr'><em>αὐτην</em></span> <span class='ocrx_word' id='word_1_134' title='bbox 889 1944 945 2011; x_wconf 84' lang='grc' dir='ltr'><em>καὶ</em></span> <span class='ocrx_word' id='word_1_135' title='bbox 961 1944 1056 2033; x_wconf 60' lang='grc' dir='ltr'><em>ἕδραν</em></span> <span class='ocrx_word' id='word_1_136' title='bbox 1072 1941 1156 2027; x_wconf 74' lang='grc' dir='ltr'><em>ἔχειν</em></span> <span class='ocrx_word' id='word_1_137' title='bbox 1175 1936 1295 2030; x_wconf 85' lang='grc' dir='ltr'><em>άμετα-</em></span> 
     </span>
     <span class='ocr_line' id='line_1_17' title="bbox 125 2043 1294 2144; baseline 0 -26"><span class='ocrx_word' id='word_1_138' title='bbox 125 2050 267 2143; x_wconf 80' lang='grc' dir='ltr'><em>κίνησον·</em></span> <span class='ocrx_word' id='word_1_139' title='bbox 292 2045 335 2131; x_wconf 79' lang='grc' dir='ltr'>ὥς</span> <span class='ocrx_word' id='word_1_140' title='bbox 358 2051 414 2118; x_wconf 82' lang='grc' dir='ltr'><em>καὶ</em></span> <span class='ocrx_word' id='word_1_141' title='bbox 437 2043 558 2119; x_wconf 78' lang='grc' dir='ltr'><em>ἐκεῖνόν</em></span> <span class='ocrx_word' id='word_1_142' title='bbox 581 2075 679 2144; x_wconf 75' lang='grc' dir='ltr'><em>φησιν</em></span> <span class='ocrx_word' id='word_1_143' title='bbox 695 2045 833 2142; x_wconf 43' lang='grc' dir='ltr'><em>(Όμηρος</em></span> <span class='ocrx_word' id='word_1_144' title='bbox 855 2051 888 2118; x_wconf 79' lang='grc' dir='ltr'><em>ἐν</em></span> <span class='ocrx_word' id='word_1_145' title='bbox 910 2054 949 2140; x_wconf 67' lang='grc' dir='ltr'>τῃν</span> <span class='ocrx_word' id='word_1_146' title='bbox 973 2053 1028 2118; x_wconf 76' lang='grc' dir='ltr'><em>τοῦ</em></span> <span class='ocrx_word' id='word_1_147' title='bbox 1050 2045 1211 2136; x_wconf 80' lang='grc' dir='ltr'><em>Ὀλύμπου</em></span> <span class='ocrx_word' id='word_1_148' title='bbox 1238 2078 1294 2118; x_wconf 92' lang='grc' dir='ltr'><em>κο-</em></span> 
     </span>
     <span class='ocr_line' id='line_1_18' title="bbox 124 2150 1295 2249; baseline -0.003 -23"><span class='ocrx_word' id='word_1_149' title='bbox 124 2161 210 2248; x_wconf 74' lang='grc' dir='ltr'><em>ρυφῇ</em></span> <span class='ocrx_word' id='word_1_150' title='bbox 231 2150 320 2245; x_wconf 72' lang='grc' dir='ltr'>ίι’ίτερ</span> <span class='ocrx_word' id='word_1_151' title='bbox 343 2152 456 2249; x_wconf 72' lang='grc' dir='ltr'><em>ἥμενον</em></span> <span class='ocrx_word' id='word_1_152' title='bbox 478 2151 608 2225; x_wconf 74' lang='grc' dir='ltr'><em>άλλωνῖ</em></span> <span class='ocrx_word' id='word_1_153' title='bbox 646 2158 728 2222; x_wconf 90' lang='lat' dir='ltr'>Nam</span> <span class='ocrx_word' id='word_1_154' title='bbox 751 2158 829 2222; x_wconf 90' lang='lat' dir='ltr'>haec</span> <span class='ocrx_word' id='word_1_155' title='bbox 852 2158 892 2223; x_wconf 86' lang='lat' dir='ltr'>ab</span> <span class='ocrx_word' id='word_1_156' title='bbox 914 2165 1040 2221; x_wconf 90' lang='lat' dir='ltr'>auctore</span> <span class='ocrx_word' id='word_1_157' title='bbox 1059 2157 1169 2221; x_wconf 88' lang='lat' dir='ltr'>scholii</span> <span class='ocrx_word' id='word_1_158' title='bbox 1185 2181 1214 2223; x_wconf 93' lang='lat' dir='ltr'>v.</span> <span class='ocrx_word' id='word_1_159' title='bbox 1232 2162 1295 2223; x_wconf 81' lang='lat'>325</span> 
     </span>
     <span class='ocr_line' id='line_1_19' title="bbox 125 2258 1296 2352; baseline 0.004 -25"><span class='ocrx_word' id='word_1_160' title='bbox 125 2265 269 2350; x_wconf 81' lang='lat' dir='ltr'>proiecta</span> <span class='ocrx_word' id='word_1_161' title='bbox 292 2286 362 2329; x_wconf 90' lang='lat' dir='ltr'>esse</span> <span class='ocrx_word' id='word_1_162' title='bbox 385 2272 480 2351; x_wconf 88' lang='lat' dir='ltr'>patet.</span> <span class='ocrx_word' id='word_1_163' title='bbox 517 2264 682 2329; x_wconf 77' lang='lat' dir='ltr'><strong>Habemus</strong></span> <span class='ocrx_word' id='word_1_164' title='bbox 704 2265 800 2350; x_wconf 84' lang='lat' dir='ltr'>igitur</span> <span class='ocrx_word' id='word_1_165' title='bbox 814 2266 859 2329; x_wconf 90' lang='lat' dir='ltr'>ita</span> <span class='ocrx_word' id='word_1_166' title='bbox 874 2262 1005 2328; x_wconf 90' lang='lat' dir='ltr'>eandem</span> <span class='ocrx_word' id='word_1_167' title='bbox 1026 2270 1090 2332; x_wconf 80' lang='grc' dir='ltr'>τῶν</span> <span class='ocrx_word' id='word_1_168' title='bbox 1106 2258 1296 2352; x_wconf 77' lang='grc' dir='ltr'><em>ἀγαλμάτων</em></span> 
     </span>
     <span class='ocr_line' id='line_1_20' title="bbox 128 2369 1296 2457; baseline 0.002 -23"><span class='ocrx_word' id='word_1_169' title='bbox 128 2371 364 2445; x_wconf 86' lang='lat' dir='ltr'>similitudinem</span> <span class='ocrx_word' id='word_1_170' title='bbox 386 2370 552 2457; x_wconf 76' lang='lat' dir='ltr'>tripliciter</span> <span class='ocrx_word' id='word_1_171' title='bbox 573 2371 798 2436; x_wconf 81' lang='lat' dir='ltr'><strong>conformatam</strong></span> <span class='ocrx_word' id='word_1_172' title='bbox 822 2370 896 2452; x_wconf 86' lang='lat' dir='ltr'>(vid.</span> <span class='ocrx_word' id='word_1_173' title='bbox 912 2371 1020 2435; x_wconf 88' lang='lat' dir='ltr'>soholl.</span> <span class='ocrx_word' id='word_1_174' title='bbox 1043 2369 1084 2435; x_wconf 91' lang='lat' dir='ltr'>ad</span> <span class='ocrx_word' id='word_1_175' title='bbox 1107 2393 1159 2436; x_wconf 90' lang='lat' dir='ltr'>vv.</span> <span class='ocrx_word' id='word_1_176' title='bbox 1177 2376 1239 2437; x_wconf 84' lang='lat'>325</span> <span class='ocrx_word' id='word_1_177' title='bbox 1264 2380 1296 2437; x_wconf 91' lang='lat' dir='ltr'>et</span> 
     </span>
     <span class='ocr_line' id='line_1_21' title="bbox 133 2478 1294 2564; baseline 0.002 -23"><span class='ocrx_word' id='word_1_178' title='bbox 133 2480 213 2561; x_wconf 81' lang='grc'><strong>705).</strong></span> <span class='ocrx_word' id='word_1_179' title='bbox 257 2478 369 2563; x_wconf 80' lang='lat' dir='ltr'>Neque</span> <span class='ocrx_word' id='word_1_180' title='bbox 396 2478 457 2543; x_wconf 93' lang='lat' dir='ltr'>hoc</span> <span class='ocrx_word' id='word_1_181' title='bbox 480 2480 605 2542; x_wconf 92' lang='lat' dir='ltr'>unicum</span> <span class='ocrx_word' id='word_1_182' title='bbox 633 2478 846 2543; x_wconf 82' lang='lat' dir='ltr'>similitudinis</span> <span class='ocrx_word' id='word_1_183' title='bbox 869 2479 1007 2543; x_wconf 79' lang='lat' dir='ltr'>variatae</span> <span class='ocrx_word' id='word_1_184' title='bbox 1030 2478 1209 2564; x_wconf 86' lang='lat' dir='ltr'>exemplum</span> <span class='ocrx_word' id='word_1_185' title='bbox 1231 2488 1294 2559; x_wconf 69' lang='lat' dir='ltr'>est,</span> 
     </span>
     <span class='ocr_line' id='line_1_22' title="bbox 133 2584 1296 2668; baseline 0.003 -21"><span class='ocrx_word' id='word_1_186' title='bbox 133 2586 331 2668; x_wconf 85' lang='lat' dir='ltr'>cognovimus</span> <span class='ocrx_word' id='word_1_187' title='bbox 360 2587 443 2649; x_wconf 90' lang='lat' dir='ltr'>enim</span> <span class='ocrx_word' id='word_1_188' title='bbox 471 2594 503 2649; x_wconf 90' lang='lat' dir='ltr'>et</span> <span class='ocrx_word' id='word_1_189' title='bbox 530 2607 670 2651; x_wconf 89' lang='lat' dir='ltr'>mensam</span> <span class='ocrx_word' id='word_1_190' title='bbox 698 2594 730 2650; x_wconf 91' lang='lat' dir='ltr'>et</span> <span class='ocrx_word' id='word_1_191' title='bbox 761 2585 867 2649; x_wconf 78' lang='lat' dir='ltr'>iocum</span> <span class='ocrx_word' id='word_1_192' title='bbox 897 2584 1106 2649; x_wconf 89' lang='lat' dir='ltr'>aPlutarcho</span> <span class='ocrx_word' id='word_1_193' title='bbox 1139 2607 1211 2649; x_wconf 92' lang='lat' dir='ltr'>cum</span> <span class='ocrx_word' id='word_1_194' title='bbox 1242 2609 1296 2651; x_wconf 90' lang='lat' dir='ltr'>ara</span> 
     </span>
     <span class='ocr_line' id='line_1_23' title="bbox 130 2690 1294 2777; baseline 0.001 -21"><span class='ocrx_word' id='word_1_195' title='bbox 130 2700 341 2777; x_wconf 91' lang='lat' dir='ltr'>comparatum</span> <span class='ocrx_word' id='word_1_196' title='bbox 373 2690 447 2775; x_wconf 87' lang='lat' dir='ltr'>(vid.</span> <span class='ocrx_word' id='word_1_197' title='bbox 470 2691 577 2756; x_wconf 89' lang='lat' dir='ltr'>soholl.</span> <span class='ocrx_word' id='word_1_198' title='bbox 601 2692 640 2756; x_wconf 92' lang='lat' dir='ltr'>ad</span> <span class='ocrx_word' id='word_1_199' title='bbox 664 2716 716 2757; x_wconf 89' lang='lat' dir='ltr'>vv.</span> <span class='ocrx_word' id='word_1_200' title='bbox 743 2695 805 2757; x_wconf 80' lang='lat'>340</span> <span class='ocrx_word' id='word_1_201' title='bbox 831 2699 864 2756; x_wconf 91' lang='lat' dir='ltr'>et</span> <span class='ocrx_word' id='word_1_202' title='bbox 890 2695 973 2775; x_wconf 82' lang='grc'><strong>731),</strong></span> <span class='ocrx_word' id='word_1_203' title='bbox 996 2700 1028 2755; x_wconf 92' lang='lat' dir='ltr'>et</span> <span class='ocrx_word' id='word_1_204' title='bbox 1059 2691 1173 2755; x_wconf 87' lang='lat' dir='ltr'>imitari</span> <span class='ocrx_word' id='word_1_205' title='bbox 1200 2691 1294 2757; x_wconf 90' lang='lat' dir='ltr'>deum</span> 
     </span>
     <span class='ocr_line' id='line_1_24' title="bbox 126 2797 1294 2885; baseline 0.001 -22"><span class='ocrx_word' id='word_1_206' title='bbox 126 2797 311 2864; x_wconf 76' lang='lat' dir='ltr'>dicebantur</span> <span class='ocrx_word' id='word_1_207' title='bbox 333 2821 405 2862; x_wconf 88' lang='lat' dir='ltr'>cum</span> <span class='ocrx_word' id='word_1_208' title='bbox 427 2798 555 2865; x_wconf 90' lang='lat' dir='ltr'>fiumina</span> <span class='ocrx_word' id='word_1_209' title='bbox 577 2807 643 2863; x_wconf 89' lang='lat' dir='ltr'>tum</span> <span class='ocrx_word' id='word_1_210' title='bbox 676 2799 830 2885; x_wconf 90' lang='lat' dir='ltr'>principia</span> <span class='ocrx_word' id='word_1_211' title='bbox 862 2798 937 2880; x_wconf 91' lang='lat' dir='ltr'>(vid.</span> <span class='ocrx_word' id='word_1_212' title='bbox 964 2797 1071 2862; x_wconf 87' lang='lat' dir='ltr'>soholl.</span> <span class='ocrx_word' id='word_1_213' title='bbox 1091 2797 1130 2862; x_wconf 90' lang='lat' dir='ltr'>ad</span> <span class='ocrx_word' id='word_1_214' title='bbox 1154 2822 1206 2864; x_wconf 88' lang='lat' dir='ltr'>vv.</span> <span class='ocrx_word' id='word_1_215' title='bbox 1231 2802 1294 2864; x_wconf 88' lang='grc'>733</span> 
     </span>
     <span class='ocr_line' id='line_1_25' title="bbox 124 2904 1294 2987; baseline 0 -17"><span class='ocrx_word' id='word_1_216' title='bbox 124 2912 159 2970; x_wconf 93' lang='lat' dir='ltr'>et</span> <span class='ocrx_word' id='word_1_217' title='bbox 187 2908 270 2987; x_wconf 86' lang='grc'><strong>735).</strong></span> <span class='ocrx_word' id='word_1_218' title='bbox 319 2905 533 2970; x_wconf 90' lang='lat' dir='ltr'>Memoramus</span> <span class='ocrx_word' id='word_1_219' title='bbox 565 2906 659 2970; x_wconf 87' lang='lat' dir='ltr'>etiam</span> <span class='ocrx_word' id='word_1_220' title='bbox 691 2906 724 2971; x_wconf 93' lang='lat' dir='ltr'>in</span> <span class='ocrx_word' id='word_1_221' title='bbox 756 2904 817 2970; x_wconf 92' lang='lat' dir='ltr'>hoc</span> <span class='ocrx_word' id='word_1_222' title='bbox 845 2905 965 2970; x_wconf 89' lang='lat' dir='ltr'>scholio</span> <span class='ocrx_word' id='word_1_223' title='bbox 994 2926 1102 2968; x_wconf 88' lang='lat' dir='ltr'>rursus</span> <span class='ocrx_word' id='word_1_224' title='bbox 1133 2927 1294 2970; x_wconf 89' lang='lat' dir='ltr'>occurrere</span> 
     </span>
     <span class='ocr_line' id='line_1_26' title="bbox 124 3006 1295 3097; baseline -0.001 -21"><span class='ocrx_word' id='word_1_225' title='bbox 124 3011 252 3076; x_wconf 90' lang='lat' dir='ltr'>dicendi</span> <span class='ocrx_word' id='word_1_226' title='bbox 275 3011 440 3076; x_wconf 88' lang='lat' dir='ltr'>formulam</span> <span class='ocrx_word' id='word_1_227' title='bbox 464 3006 518 3096; x_wconf 79' lang='grc' dir='ltr'>οὗχ</span> <span class='ocrx_word' id='word_1_228' title='bbox 541 3007 657 3092; x_wconf 78' lang='grc' dir='ltr'><em>ἁπλῶς</em></span> <span class='ocrx_word' id='word_1_229' title='bbox 680 3066 687 3079; x_wconf 95' lang='grc'><strong><em>.</em></strong></span> <span class='ocrx_word' id='word_1_230' title='bbox 711 3066 717 3079; x_wconf 96' lang='grc'><strong><em>.</em></strong></span> <span class='ocrx_word' id='word_1_231' title='bbox 742 3009 834 3096; x_wconf 82' lang='grc' dir='ltr'><em>ἀλλά,</em></span> <span class='ocrx_word' id='word_1_232' title='bbox 858 3035 950 3097; x_wconf 92' lang='lat' dir='ltr'>quam</span> <span class='ocrx_word' id='word_1_233' title='bbox 973 3010 1141 3076; x_wconf 82' lang='lat' dir='ltr'>Plutarcho</span> <span class='ocrx_word' id='word_1_234' title='bbox 1163 3011 1295 3076; x_wconf 88' lang='lat' dir='ltr'>familia-</span> 
     </span>
     <span class='ocr_line' id='line_1_27' title="bbox 122 3115 1294 3210; baseline 0.003 -27"><span class='ocrx_word' id='word_1_235' title='bbox 122 3119 282 3184; x_wconf 89' lang='lat' dir='ltr'>rissimam</span> <span class='ocrx_word' id='word_1_236' title='bbox 305 3141 375 3183; x_wconf 88' lang='lat' dir='ltr'>esse</span> <span class='ocrx_word' id='word_1_237' title='bbox 405 3140 500 3204; x_wconf 88' lang='lat' dir='ltr'>supra</span> <span class='ocrx_word' id='word_1_238' title='bbox 527 3117 664 3182; x_wconf 83' lang='lat' dir='ltr'>diximus</span> <span class='ocrx_word' id='word_1_239' title='bbox 687 3122 727 3204; x_wconf 88' lang='lat' dir='ltr'>(p.</span> <span class='ocrx_word' id='word_1_240' title='bbox 750 3123 818 3201; x_wconf 84' lang='lat'>43),</span> <span class='ocrx_word' id='word_1_241' title='bbox 845 3127 878 3182; x_wconf 91' lang='lat' dir='ltr'>et</span> <span class='ocrx_word' id='word_1_242' title='bbox 905 3118 1002 3184; x_wconf 89' lang='lat' dir='ltr'>verba</span> <span class='ocrx_word' id='word_1_243' title='bbox 1028 3120 1130 3210; x_wconf 76' lang='grc' dir='ltr'><em>ἐφορᾶ</em></span> <span class='ocrx_word' id='word_1_244' title='bbox 1156 3115 1174 3187; x_wconf 81' lang='grc' dir='ltr'><em>ὃ</em></span> <span class='ocrx_word' id='word_1_245' title='bbox 1202 3119 1294 3202; x_wconf 80' lang='grc' dir='ltr'><em>Ζεύς,</em></span> 
     </span>
     <span class='ocr_line' id='line_1_28' title="bbox 123 3224 1296 3315; baseline 0.003 -26"><span class='ocrx_word' id='word_1_246' title='bbox 123 3247 207 3311; x_wconf 92' lang='lat' dir='ltr'>quae</span> <span class='ocrx_word' id='word_1_247' title='bbox 222 3227 335 3289; x_wconf 89' lang='lat' dir='ltr'>iterum</span> <span class='ocrx_word' id='word_1_248' title='bbox 359 3225 504 3310; x_wconf 82' lang='lat' dir='ltr'>leguntur</span> <span class='ocrx_word' id='word_1_249' title='bbox 526 3226 558 3288; x_wconf 95' lang='lat' dir='ltr'>in</span> <span class='ocrx_word' id='word_1_250' title='bbox 581 3224 722 3309; x_wconf 81' lang='lat' dir='ltr'>fragmb</span> <span class='ocrx_word' id='word_1_251' title='bbox 747 3225 911 3309; x_wconf 87' lang='lat' dir='ltr'>(Duebn.):</span> <span class='ocrx_word' id='word_1_252' title='bbox 936 3226 970 3293; x_wconf 79' lang='grc' dir='ltr'><em>ἐν</em></span> <span class='ocrx_word' id='word_1_253' title='bbox 989 3229 1071 3315; x_wconf 73' lang='grc' dir='ltr'><em>τῷδε</em></span> <span class='ocrx_word' id='word_1_254' title='bbox 1090 3229 1136 3314; x_wconf 75' lang='grc' dir='ltr'><em>τῷ</em></span> <span class='ocrx_word' id='word_1_255' title='bbox 1158 3224 1296 3315; x_wconf 87' lang='grc' dir='ltr'><em>παρόντι</em></span> 
     </span>
     <span class='ocr_line' id='line_1_29' title="bbox 124 3324 417 3423; baseline -0.014 -21"><span class='ocrx_word' id='word_1_256' title='bbox 124 3324 264 3423; x_wconf 70' lang='grc' dir='ltr'><em>ὃέφορᾷ</em></span> <span class='ocrx_word' id='word_1_257' title='bbox 287 3328 306 3400; x_wconf 79' lang='grc' dir='ltr'>ὁ</span> <span class='ocrx_word' id='word_1_258' title='bbox 327 3328 417 3414; x_wconf 82' lang='grc' dir='ltr'><em>Ζείς.</em></span> 
     </span>
    </p>

    <p class='ocr_par' dir='ltr' id='par_1_7' title="bbox 124 3437 1294 3845">
     <span class='ocr_line' id='line_1_30' title="bbox 217 3437 1294 3525; baseline 0.001 -23"><span class='ocrx_word' id='word_1_259' title='bbox 217 3438 297 3514; x_wconf 55' lang='lat' dir='ltr'>,His</span> <span class='ocrx_word' id='word_1_260' title='bbox 319 3438 501 3525; x_wconf 85' lang='lat' dir='ltr'>fragmentis</span> <span class='ocrx_word' id='word_1_261' title='bbox 525 3437 714 3524; x_wconf 91' lang='lat' dir='ltr'>quindecim,</span> <span class='ocrx_word' id='word_1_262' title='bbox 737 3461 817 3525; x_wconf 90' lang='lat' dir='ltr'>quae</span> <span class='ocrx_word' id='word_1_263' title='bbox 840 3439 944 3524; x_wconf 89' lang='lat' dir='ltr'>aliqua</span> <span class='ocrx_word' id='word_1_264' title='bbox 966 3461 1038 3504; x_wconf 90' lang='lat' dir='ltr'>cum</span> <span class='ocrx_word' id='word_1_265' title='bbox 1065 3438 1294 3525; x_wconf 85' lang='lat' dir='ltr'>probabilitate,</span> 
     </span>
     <span class='ocr_line' id='line_1_31' title="bbox 124 3544 1292 3631; baseline -0.001 -20"><span class='ocrx_word' id='word_1_266' title='bbox 124 3555 162 3612; x_wconf 91' lang='lat' dir='ltr'>ut</span> <span class='ocrx_word' id='word_1_267' title='bbox 194 3567 369 3631; x_wconf 73' lang='lat' dir='ltr'>operamne,</span> <span class='ocrx_word' id='word_1_268' title='bbox 401 3545 570 3610; x_wconf 85' lang='lat' dir='ltr'>Plutarcho</span> <span class='ocrx_word' id='word_1_269' title='bbox 601 3546 809 3625; x_wconf 84' lang='lat' dir='ltr'>restituimus,</span> <span class='ocrx_word' id='word_1_270' title='bbox 841 3545 1035 3610; x_wconf 88' lang='lat' dir='ltr'>adnectimus</span> <span class='ocrx_word' id='word_1_271' title='bbox 1067 3544 1130 3609; x_wconf 92' lang='lat' dir='ltr'>duo</span> <span class='ocrx_word' id='word_1_272' title='bbox 1162 3568 1292 3631; x_wconf 91' lang='lat' dir='ltr'>quorum</span> 
     </span>
     <span class='ocr_line' id='line_1_32' title="bbox 125 3652 1293 3738; baseline -0.001 -20"><span class='ocrx_word' id='word_1_273' title='bbox 125 3653 280 3738; x_wconf 84' lang='lat' dir='ltr'>originem</span> <span class='ocrx_word' id='word_1_274' title='bbox 302 3652 522 3735; x_wconf 84' lang='lat' dir='ltr'>Plutaroheam</span> <span class='ocrx_word' id='word_1_275' title='bbox 545 3654 661 3718; x_wconf 88' lang='lat' dir='ltr'>sentire</span> <span class='ocrx_word' id='word_1_276' title='bbox 684 3652 828 3717; x_wconf 89' lang='lat' dir='ltr'>videmur</span> <span class='ocrx_word' id='word_1_277' title='bbox 850 3675 908 3717; x_wconf 84' lang='lat' dir='ltr'>ner</span> <span class='ocrx_word' id='word_1_278' title='bbox 931 3661 1035 3716; x_wconf 89' lang='lat' dir='ltr'>tamen</span> <span class='ocrx_word' id='word_1_279' title='bbox 1059 3660 1148 3717; x_wconf 87' lang='lat' dir='ltr'>extra</span> <span class='ocrx_word' id='word_1_280' title='bbox 1170 3675 1293 3717; x_wconf 86' lang='lat' dir='ltr'>ornnem</span> 
     </span>
     <span class='ocr_line' id='line_1_33' title="bbox 124 3759 685 3845; baseline -0.004 -19"><span class='ocrx_word' id='word_1_281' title='bbox 124 3760 354 3826; x_wconf 88' lang='lat' dir='ltr'>dubitationem</span> <span class='ocrx_word' id='word_1_282' title='bbox 377 3782 493 3845; x_wconf 94' lang='lat' dir='ltr'>ponere</span> <span class='ocrx_word' id='word_1_283' title='bbox 516 3759 685 3845; x_wconf 78' lang='lat' dir='ltr'>potuimus,</span> 
     </span>
    </p>

    <p class='ocr_par' dir='ltr' id='par_1_8' title="bbox 233 3865 1128 3951">
     <span class='ocr_line' id='line_1_34' title="bbox 233 3865 1128 3951; baseline 0 -20"><span class='ocrx_word' id='word_1_284' title='bbox 233 3866 341 3932; x_wconf 88' lang='lat' dir='ltr'>Unum</span> <span class='ocrx_word' id='word_1_285' title='bbox 364 3866 494 3951; x_wconf 89' lang='lat' dir='ltr'>praebet</span> <span class='ocrx_word' id='word_1_286' title='bbox 517 3866 668 3931; x_wconf 88' lang='lat' dir='ltr'>scholium</span> <span class='ocrx_word' id='word_1_287' title='bbox 692 3866 732 3931; x_wconf 92' lang='lat' dir='ltr'>ad</span> <span class='ocrx_word' id='word_1_288' title='bbox 756 3890 784 3932; x_wconf 88' lang='lat' dir='ltr'>v.</span> <span class='ocrx_word' id='word_1_289' title='bbox 809 3870 872 3931; x_wconf 81' lang='lat'>220</span> <span class='ocrx_word' id='word_1_290' title='bbox 896 3865 1020 3949; x_wconf 74' lang='lat' dir='ltr'>(Gaias.)</span> <span class='ocrx_word' id='word_1_291' title='bbox 1043 3889 1128 3951; x_wconf 90' lang='lat' dir='ltr'>sqq.:</span> 
     </span>
    </p>

    <p class='ocr_par' dir='ltr' id='par_1_9' title="bbox 287 3964 1094 4173">
     <span class='ocr_line' id='line_1_35' title="bbox 287 3964 1094 4064; baseline 0.001 -24"><span class='ocrx_word' id='word_1_292' title='bbox 287 3964 307 4064; x_wconf 71' lang='grc' dir='ltr'>ἢ</span> <span class='ocrx_word' id='word_1_293' title='bbox 331 3970 358 4040; x_wconf 76' lang='lat' dir='ltr'>d</span> <span class='ocrx_word' id='word_1_294' title='bbox 377 3975 495 4041; x_wconf 67' lang='lat' dir='ltr'>irascor</span> <span class='ocrx_word' id='word_1_295' title='bbox 520 3974 675 4041; x_wconf 88' lang='grc' dir='ltr'><em>κλαίουσα</em></span> <span class='ocrx_word' id='word_1_296' title='bbox 698 3971 797 4042; x_wconf 88' lang='grc' dir='ltr'><em>πάλιν</em></span> <span class='ocrx_word' id='word_1_297' title='bbox 819 3974 875 4041; x_wconf 80' lang='grc' dir='ltr'><em>καὶ</em></span> <span class='ocrx_word' id='word_1_298' title='bbox 898 3967 985 4064; x_wconf 68' lang='grc' dir='ltr'><em>ἤθεα</em></span> <span class='ocrx_word' id='word_1_299' title='bbox 1008 3977 1094 4041; x_wconf 79' lang='grc' dir='ltr'><em>λαῶν</em></span> 
     </span>
     <span class='ocr_line' id='line_1_36' title="bbox 287 4074 1073 4173; baseline -0.001 -24"><span class='ocrx_word' id='word_1_300' title='bbox 287 4075 364 4173; x_wconf 72' lang='grc' dir='ltr'><em>ἠέρα</em></span> <span class='ocrx_word' id='word_1_301' title='bbox 387 4078 556 4173; x_wconf 74' lang='grc' dir='ltr'><em>ἑσσαμένη,</em></span> <span class='ocrx_word' id='word_1_302' title='bbox 579 4078 679 4149; x_wconf 80' lang='grc' dir='ltr'><em>κακὸν</em></span> <span class='ocrx_word' id='word_1_303' title='bbox 702 4074 910 4172; x_wconf 75' lang='grc' dir='ltr'><em>ἀνθρώποισι</em></span> <span class='ocrx_word' id='word_1_304' title='bbox 933 4080 1073 4173; x_wconf 82' lang='grc' dir='ltr'><em>φέρουσα</em></span> 
     </span>
    </p>
   </div>
   <div class='ocr_carea' id='block_1_3' title="bbox 0 0 1578 4832">
    <p class='ocr_par' dir='ltr' id='par_1_10' title="bbox 0 0 1578 4832">
     <span class='ocr_line' id='line_1_37' title="bbox 0 0 1578 4832; baseline 0 2"><span class='ocrx_word' id='word_1_305' title='bbox 0 0 1578 4832; x_wconf 95' lang='lat' dir='ltr'> </span> 
     </span>
    </p>
   </div>
  </div>
 </body>
</html>
