3146 4832
694 200 735 261 59

608 291 820 298 --———.-.

130 413 226 476 supra
256 390 401 473 vidimus
432 393 523 458 aliter
541 416 667 469 ,nomen
700 394 884 480 explicabat,
915 393 1038 479 μούσας
1069 404 1104 457 ut
1136 389 1218 480 ὁμοῦ
1246 393 1296 463 ἀεὶ

130 492 229 580 οὔσας
260 522 279 563 a
311 499 441 565 Graecis
478 502 652 565 nominatas
690 523 759 565 esse
792 500 907 565 dicens
967 501 1079 587 Neque
1111 503 1144 564 in
1174 501 1295 587 reliquo

130 604 252 669 scholio
275 608 440 692 quicquam
463 609 546 672 inest
568 607 653 692 quod
675 607 836 671 Plutarchi
859 630 916 672 nos
940 607 1113 672 admoneat.

236 712 327 791 Quae
359 713 473 778 deinde
505 702 545 779 de
577 736 720 779 sermone
752 724 784 778 et
806 737 825 778 a
848 710 994 781 Vulcano
1027 722 1060 779 et
1089 737 1108 778 a
1134 714 1295 778 Mercurio

128 818 293 883 Pandorae
325 819 425 884 indito
458 819 604 884 dicuntur
635 821 686 904 (ad
707 844 738 886 v.
764 824 815 904 77)
843 821 956 885 Proelo
986 822 1047 907 ipsi
1069 821 1216 886 Flachius
1239 820 1295 885 ad-

129 926 238 990 scribit
260 927 290 1011 (l.
305 927 325 991 l.
347 950 377 1012 p.
403 930 464 1009 71),
488 951 647 1014 exponens
662 950 726 992 non
741 928 873 992 multum
887 927 986 993 fuisse
1003 928 1190 1019 discriminis
1213 928 1296 993 inter

130 1032 308 1097 Stoicorum
331 1043 364 1098 et
386 1034 647 1099 Academicorum
674 1037 881 1099 recentiorum
909 1034 1079 1099 illiusmodi
1108 1036 1295 1121 interpreta-

129 1139 240 1204 tiones.
286 1140 382 1219 Quod
406 1141 433 1206 si
456 1142 500 1205 ita
523 1149 585 1223 est,
608 1143 703 1206 etiam
726 1150 845 1206 ceteras
872 1141 964 1206 huius
991 1143 1114 1227 generis
1142 1143 1294 1229 interpre-

129 1248 265 1311 tationes
287 1248 400 1312 Proclo
427 1248 489 1334 ipsi
511 1248 619 1313 deberi
646 1272 709 1312 non
732 1250 887 1312 immerito
910 1249 1088 1334 suspiceris
1133 1249 1293 1313 Plutarchi

129 1354 257 1447 quidem
284 1355 437 1419 scholium
463 1355 504 1419 ad
532 1379 561 1420 v.
586 1359 625 1418 77
654 1378 717 1419 non
745 1364 806 1437 est,
830 1357 884 1440 qui
906 1362 961 1424 τοῦ
983 1349 1077 1443 λόγου
1104 1354 1294 1424 ἐνδιαθέτου

129 1462 186 1529 καὶ
209 1466 412 1553 προφορικοῦ
441 1464 631 1527 mentionem
660 1463 748 1526 inicit
775 1485 847 1526 cum
873 1464 971 1547 princ.
998 1462 1073 1549 phil.
1103 1485 1169 1548 cap.
1193 1466 1212 1526 2
1244 1464 1295 1530 ἒν-

129 1566 294 1653 (liddeum,
327 1592 390 1634 non
412 1568 620 1661 προφορνιόν,
653 1579 689 1634 ut
715 1569 890 1651 scholiasta,
922 1570 1081 1634 Mercurio
1112 1570 1295 1650 attribuens,

128 1675 187 1740 sed
215 1697 283 1740 eam
306 1676 493 1741 divisionem
516 1676 664 1742 frivolam
687 1699 756 1741 esse
779 1676 863 1741 dicit

236 1784 378 1848 Tertium
409 1786 442 1847 in
474 1782 734 1869 disceptationem
766 1786 854 1848 venit
885 1784 1040 1847 scholium
1070 1805 1180 1848 versus
1213 1786 1293 1863 1053

128 1889 214 1976 quod
237 1913 312 1954 num
343 1914 362 1955 a
388 1890 556 1955 Plutarcho
587 1890 762 1976 profectum
794 1893 836 1954 sit
866 1891 933 1955 iure
965 1889 1167 1955 dubitaveris.
1213 1889 1294 1955 Cum

128 1998 213 2061 enim
237 2019 394 2083 nunquam
410 1997 519 2062 videas
535 1997 736 2061 Plutarchum
760 1998 804 2062 ita
826 2006 862 2060 ut
883 1998 917 2060 in
933 1996 1052 2061 scholio
1067 1997 1099 2060 in
1116 1995 1293 2061 Stoicorum

127 2102 223 2168 fidem
247 2111 279 2168 et
302 2103 457 2168 dicionem
480 2127 514 2168 se
537 2098 726 2190 permittere,
749 2114 816 2168 tum
839 2105 890 2169 vel
913 2104 1039 2168 minime
1062 2104 1101 2167 iis
1124 2106 1294 2168 assentitur

127 2233 210 2296 quae
233 2211 274 2274 ad
297 2211 502 2297 principalem
525 2233 631 2275 eorum
655 2211 827 2275 doctrinam
850 2211 984 2276 maxime
1006 2212 1173 2297 pertinent.
1213 2210 1294 2275 Cum

129 2318 213 2383 enim
237 2317 335 2382 Stoici
358 2318 462 2382 omnia
484 2317 542 2382 fati
565 2319 751 2382 necessitate
773 2320 839 2382 fieri
863 2318 992 2383 credant
1007 2340 1136 2404 eamque
1159 2320 1296 2383 necessi-

128 2434 227 2490 tatem
245 2425 335 2490 Iovis
358 2425 488 2489 consilio
504 2426 715 2511 aequiparent,
737 2425 924 2489 Plutarchus
940 2433 1048 2489 contra
1069 2424 1109 2490 de
1125 2424 1195 2489 aud.
1211 2433 1294 2510 poet.

130 2534 240 2618 capti
277 2532 354 2596 dicit
389 2541 499 2618 poetas
536 2532 614 2613 Διός
651 2555 765 2597 nomen
796 2540 950 2618 ponentes
989 2531 1082 2596 modo
1114 2532 1295 2616 intellegere

129 2639 232 2725 ipsum
256 2639 358 2719 deum,
387 2639 481 2703 modo
504 2639 669 2721 fortunam,
701 2639 795 2703 modo
818 2639 876 2702 fati
899 2639 1110 2720 necesitatem,
1142 2661 1204 2724 quo
1228 2639 1294 2703 evi-

127 2746 207 2811 dens
230 2747 266 2810 fit
288 2769 327 2810 ex
350 2748 418 2811 eius
441 2747 596 2811 sententia
618 2769 681 2811 non
702 2747 805 2810 omnia
831 2746 889 2810 hac
908 2746 1103 2826 necessitate,
1127 2745 1293 2813 sedetiam

127 2853 282 2939 quaedam
306 2851 357 2918 dei
379 2855 515 2935 numine,
538 2854 598 2917 alia
620 2853 765 2917 fortunae
788 2855 854 2917 fieri
879 2903 886 2917 .

237 2958 285 3025 Ut
307 2961 402 3045 igitur
424 2982 576 3024 summam
598 2959 690 3024 huius
714 2959 935 3046 disputationis
958 2960 1117 3040 faciamus,
1139 2959 1216 3023 haec
1231 2958 1295 3023 duo

125 3069 192 3131 iam
215 3067 339 3151 cognita
361 3066 526 3131 habemus:
550 3067 683 3152 primum
699 3066 845 3130 Proclum
867 3068 969 3152 ipsum
993 3065 1141 3131 aStoicis
1164 3066 1197 3129 iu
1220 3065 1295 3130 alle·

124 3174 235 3260 gorico
267 3175 559 3260 interpretationum
589 3195 703 3258 genere
735 3196 775 3237 ex
806 3181 894 3259 parte
926 3196 991 3237 non
1022 3170 1101 3238 adeo
1133 3171 1294 3237 diversum

124 3281 244 3360 fuisse3
267 3278 381 3345 deinde
405 3280 444 3345 de
468 3280 591 3345 duobus
615 3278 741 3364 quidem
769 3280 896 3344 scholiis
920 3279 1049 3361 Stoicis,
1076 3302 1156 3365 quae
1179 3278 1219 3343 ad
1242 3302 1294 3344 vv.

128 3391 171 3453 77
189 3395 220 3452 et
239 3391 301 3453 105
325 3385 485 3474 adscripta
507 3395 589 3468 sunt,
613 3394 766 3468 constare,
789 3386 829 3451 de
848 3410 920 3469 uno,
937 3392 1068 3452 versus1
1092 3385 1219 3467 scholio,
1241 3408 1296 3450 ve-

126 3620 195 3659 voce
211 3603 287 3671 ηύσις
311 3601 339 3654 τὸ
357 3601 421 3669 χάος
444 3601 479 3655 ab
498 3602 622 3657 Hesiodo
646 3601 819 3656 nominatum
844 3605 886 3655 est
916 3618 978 3671 aqu.
998 3618 1034 3654 an
1051 3600 1107 3671 ign.
1127 3605 1165 3654 ut.
1185 3590 1244 3670 cap.
1265 3603 1293 3652 1:

126 3701 181 3752 τοῖς
206 3693 333 3750 πλείστοις
358 3689 407 3759 γὰρ
427 3689 591 3758 ὠνομακέναι
617 3691 685 3757 (scil.
706 3691 857 3758 Hesiodus)
884 3692 962 3744 δοκεῖ
983 3689 1011 3742 τὸ
1035 3691 1110 3761 ὕδωρ
1136 3697 1226 3743 τοῦτον
1250 3688 1294 3742 τὸν

127 3783 225 3851 τρόπον
244 3780 310 3847 (scil.
329 3780 358 3833 τὸ
375 3779 450 3848 χάος)
467 3780 539 3848 παρὰ
558 3779 604 3848 τὴν
621 3781 704 3849 χύσιν.

237 3871 247 3901 ¹
266 3870 308 3925 Cf.
327 3869 361 3923 de
380 3868 442 3924 aud.
462 3874 533 3939 poet.
553 3887 611 3939 cap.
632 3874 660 3925 6:
683 3871 787 3923 πολλῶν
810 3869 856 3923 οὖν
879 3871 948 3923 οὕτω
972 3867 1118 3938 λεγομένων
1136 3869 1230 3921 εἰδέναι
1254 3869 1297 3920 δεῖ

128 3960 174 4014 καὶ
193 3960 364 4029 μνημονεύειν
381 3961 420 4012 ὅτι
438 3958 483 4012 καὶ
508 3967 546 4026 τῷ
570 3967 614 4012 τοῦ
634 3960 695 4018 Διὸς
718 3960 764 4012 καὶ
787 3960 871 4027 Ζηνὸς
890 3960 995 4027 ὀνόματι
1013 3957 1075 4011 ποτὲ
1092 3957 1140 4025 μὲν
1158 3957 1202 4011 τὸν
1220 3958 1293 4022 θεόν,

128 4049 191 4105 ποτὲ
209 4048 302 4121 δὲτὴν
321 4051 410 4120 τύχην,
427 4048 551 4108 πολλάκις
570 4047 599 4102 δὲ
618 4048 664 4119 τὴν
681 4050 839 4118 εἱμαρμένην
856 4050 1100 4118 προσαγορεύουσιν.
