3146 4832
590 282 751 357 «ομ

147 487 239 544 erunt
260 478 343 542 hunc
365 498 491 543 versum
514 500 554 542 ex
576 474 721 542 Hesiodo
743 477 926 541 translatum
950 497 1019 541 esse
1046 477 1079 539 in
1102 474 1277 539 Homerum
1291 481 1310 538 ¹.

146 585 238 664 Quae
261 585 452 671 probabilior
482 607 575 670 quam
598 583 758 649 Plutarchi
786 591 835 649 est
868 583 1037 662 sententia,
1069 581 1126 647 sed
1153 582 1243 647 nobis
1272 603 1311 645 ne

147 691 282 757 Hesiodi
306 691 433 777 quidem
456 714 526 757 esse
542 691 668 757 videtur
689 691 742 756 hic
758 712 867 756 versus
874 714 882 769 ;
907 712 978 754 nam
1001 686 1106 754 verbis
1129 689 1242 774 quibus
1261 687 1313 751 hie

146 800 265 864 Persen
288 798 329 864 ad
350 798 490 864 laborem
512 799 656 863 incitavit
678 806 750 884 apte
767 795 894 882 quidem
916 796 1032 861 addere
1054 803 1179 882 poterat
1193 794 1311 858 homini

147 928 245 992 egeno
268 906 421 992 pudorem
444 928 507 970 non
530 904 712 985 conducere,
735 902 801 984 sed,
824 912 860 968 ut
882 917 954 968 cum
976 903 1036 968 hac
1059 904 1214 967 sententia
1236 923 1311 966 cou-

147 1013 234 1093 venit
256 1035 369 1087 nocere
391 1012 560 1099 pudorem,
591 1014 636 1077 ita
662 1012 702 1076 ab
730 1034 767 1076 ea
794 995 952 1097 discrepat
978 1009 1112 1075 eundem
1141 1007 1309 1095 prodesse:

146 1119 251 1184 dicere
275 1119 385 1185 saltem
409 1121 454 1184 sic
476 1118 629 1184 debebat:
649 1115 726 1183 ‘non
750 1119 836 1182 utilis
864 1125 913 1183 est
934 1116 1052 1182 homini
1080 1138 1178 1200 egeno
1200 1114 1311 1202 pudor,

145 1226 199 1312 qui
221 1227 399 1291 hominibus
422 1249 486 1291 non
501 1227 602 1291 solum
617 1225 756 1311 prodest,
779 1225 836 1290 sed
852 1226 945 1291 etiam
960 1245 1181 1308 nonnunquam
1197 1215 1309 1287 nocet'.

28 1333 31 1339 “
145 1333 238 1412 Quae
261 1356 331 1398 cum
354 1334 399 1398 ita
421 1333 493 1414 sint,
515 1333 598 1397 huuc
621 1354 747 1397 versum
769 1354 828 1396 nos
851 1353 975 1417 quoque
991 1353 1153 1417 perperam
1169 1328 1311 1393 additum

145 1462 215 1505 esse
239 1440 463 1521 existimamus,
486 1439 543 1505 sed
565 1440 627 1505 alia
648 1462 742 1525 quam
759 1438 947 1503 Plutarchus
963 1459 1057 1502 causa
1078 1435 1220 1523 permoti.

251 1547 391 1616 Versum
408 1551 471 1613 378
495 1546 645 1632 (coetus,
667 1569 760 1632 quem
782 1546 828 1610 sic
849 1545 938 1631 legit:

304 1652 433 1749 γηραιὸς
455 1655 491 1722 δὲ
515 1654 631 1735 θόνοις
653 1655 758 1743 ἕτερον
780 1649 875 1721 παῖδ’
902 1650 1155 1740 ἐγκαταλείπων,

144 1762 332 1826 Plutarchus
355 1761 482 1842 delevit,
509 1759 595 1847 quod
621 1761 761 1845 intellegi
787 1783 851 1824 non
870 1767 979 1846 posset
1006 1767 1038 1823 et
1060 1779 1310 1844 supervacaneus

144 1875 257 1934 essetl.
295 1870 343 1933 At
364 1891 427 1933 non
450 1866 609 1933 eiciendus
633 1876 700 1932 erat
722 1889 841 1948 versus,
864 1866 921 1931 sed
937 1863 1159 1931 emendandus.
1196 1864 1311 1949 Inepta

145 1976 229 2041 enim
252 1985 301 2041 est
324 1975 462 2041 secunda
482 1997 631 2062 persono,
659 1974 715 2039 sed
738 1973 932 2039 restituenda
953 1975 1055 2053 tertia,
1084 1972 1168 2057 quod
1193 1970 1310 2036 Schoe-

144 2105 275 2147 mannus
298 2083 373 2148 fecit
394 2082 511 2164 θάνοις
533 2090 653 2146 mutato
668 2082 701 2146 in
717 2081 816 2149 θάνοι
825 2085 845 2146 ⁸,
883 2080 935 2145 Ita
956 2080 1007 2144 hic
1021 2101 1133 2146 versus
1148 2080 1309 2165 aptissime

144 2189 319 2275 applicatur
341 2213 393 2255 vv.
417 2192 480 2255 376
505 2199 537 2253 et
561 2192 642 2254 377:

302 2296 490 2388 μουνογενὴς
511 2298 548 2364 δὲ
569 2290 765 2381 πόιςοῖκον
778 2294 954 2385 ’πατροίον
976 2293 1026 2387 εἴη

302 2405 478 2494 φερβέμεν·
503 2395 547 2484 ὣς
568 2403 628 2493 γὰρ
652 2405 792 2483 πλοῦτος
814 2399 940 2484 ἀέξεται
963 2404 996 2471 ἐν
1017 2392 1192 2490 μεγάροισι.

142 2509 286 2576 Scribere
309 2533 385 2575 vero
409 2510 561 2601 σφέτερον
583 2532 641 2595 pro
665 2511 773 2597 ἕτερον
795 2532 859 2573 non
882 2531 961 2595 opus
984 2513 1082 2574 erat4.

247 2617 389 2685 Versum
413 2619 474 2681 561
500 2625 533 2681 et
554 2619 608 2703 qui
631 2624 804 2702 sequuntur
826 2616 905 2681 duos
929 2615 1086 2699 (Goettl.):

301 2730 400 2792 ταῦτα
423 2723 664 2815 φυλασσόμενος
686 2724 905 2810 τετελεσμένον
928 2723 975 2804 εἰς
997 2722 1140 2792 ἐνιαυτὸν

302 2830 457 2900 ἰσοῦσθαι
480 2831 594 2913 νύκτας
615 2858 651 2900 τε
673 2832 729 2899 καὶ
751 2824 869 2921 ἤματα,
893 2829 1014 2900 εἰσόκεν
1037 2822 1127 2911 αὖτις

300 2945 340 3029 γῆ
362 2937 493 3019 πάντων
514 2935 616 3031 μήτηρ
638 2937 764 3029 καρπὸν
787 2935 960 3024 σύμμικτον
984 2936 1089 3027 ἐνείκῃ

140 3045 329 3110 Plutarchus
353 3044 446 3111 eiecit
457 3048 478 3125 ⁵,
500 3044 584 3109 haud
607 3045 672 3108 scio
695 3067 734 3108 an
757 3053 923 3130 propterea
946 3043 1031 3128 quod
1054 3065 1109 3108 cos
1131 3066 1195 3109 non
1217 3042 1308 3107 intel·

140 3152 275 3238 legebat.
328 3152 373 3216 Et
406 3160 456 3217 est
486 3151 679 3236 aliquantum
711 3151 742 3214 in
776 3151 821 3216 eis
854 3150 1047 3214 difficultatis
1054 3175 1063 3229 ;
1095 3150 1192 3215 verba
1223 3149 1306 3214 enim

141 3258 298 3328 ἰσοῦσθαι
321 3258 435 3342 νόκτας
456 3286 490 3328 τε
513 3259 570 3331 καὶ
593 3252 700 3348 ἤματα
724 3257 906 3322 difficillima
928 3264 1002 3321 sunt
1023 3256 1064 3322 ad
1080 3256 1306 3344 explicandum.

248 3510 258 3541 ¹
276 3508 319 3565 of.
338 3509 483 3564 Aristonis.
498 3509 540 3565 ed.
556 3507 751 3563 Friedlaender
769 3526 795 3578 p.
806 3510 865 3563 341.
903 3507 1061 3562 Hentzeum
1079 3508 1107 3560 in
1121 3507 1247 3578 Append.
1262 3506 1304 3563 ed.

138 3599 313 3655 Ameisianae
332 3598 375 3653 ad.
394 3599 421 3653 h.
440 3599 458 3653 l.

247 3689 258 3719 ⁹
276 3688 340 3744 Vid.
358 3688 447 3743 Tzetz.
462 3686 505 3742 ud.
515 3706 540 3743 v.
556 3691 619 3745 376:
639 3690 666 3742 οἱ
681 3687 740 3756 περὶ
754 3687 879 3755 Πρόκλον
896 3687 942 3741 καὶ
960 3687 1133 3755 Πλούταρχον
1150 3686 1305 3756 ἀδιανόητον

139 3780 216 3833 τοῦτό
234 3798 300 3848 φασι
318 3778 364 3831 καὶ
382 3779 507 3845 περιττόν.

248 3867 318 3922 ⁸cf.
338 3871 482 3922 comment.
501 3867 586 3921 critic.
605 3867 647 3921 cd.
667 3866 792 3923 Schoem.
811 3885 839 3938 p.
858 3868 900 3921 40.

246 3958 257 3987 ⁴
276 3956 319 4011 cf.
338 3956 403 4011 adn.
421 3957 583 4026 novissimae
602 3955 644 4011 ed.
664 3956 766 4012 Gocttl.

247 4046 258 4077 ⁵
276 4046 341 4102 Vid.
361 4046 448 4102 Procl.
468 4045 504 4102 ud
522 4063 547 4101 V.
567 4048 632 4110 559:
658 4054 748 4101 τοῦτον
766 4045 812 4101 καὶ
835 4045 894 4106 τοὺς
913 4046 973 4115 ἑξῆς
992 4046 1041 4100 δύο
1059 4046 1197 4116 διαγράφει
1215 4045 1304 4099 Πλού-

140 4156 244 4206 ιαρχος.
