3146 4832
13 470 14 477 ¹
101 443 197 524 fecit,
223 441 378 508 adductus
404 450 454 508 eut
480 443 526 508 eis
556 442 754 530 potissimum
777 465 857 528 quae
880 442 919 507 de
942 442 1088 529 Lycurge
1110 452 1144 508 et
1166 437 1271 508 Numa

11 614 15 619 .
103 559 233 616 narrata
253 550 373 615 invenit
395 552 426 613 in
451 549 584 615 scholio:
609 572 688 636 quae
712 548 821 614 eadem
844 558 970 615 exstant
991 550 1024 614 in
1040 551 1094 616 vil
1110 550 1187 636 Lye.
1203 573 1270 638 cap.

11 712 12 721 ,
109 662 174 723 191
202 665 234 723 et
258 659 292 720 in
313 657 380 722 vita
401 656 496 721 Num.
519 679 585 743 cap.
609 660 661 722 82.
707 656 771 722 Sed
800 656 894 721 etiam
921 657 954 721 in
981 657 1108 743 reliquis
1136 658 1271 742 vestigia

12 818 17 857 ρ
107 764 267 830 Plutarchi
289 763 588 829 animadverurntur.
634 763 687 829 Sic
710 762 815 854 ἔρδειν
830 772 863 828 et
886 764 990 850 ῥέζειν
1010 765 1098 828 iuxta
1112 777 1272 850 ponuntur

12 864 16 869 ’
108 872 201 937 etiam
223 872 256 935 in
278 879 399 956 quaestu
414 892 505 937 conv.
521 870 612 939 VIII
628 874 658 952 8,
675 875 704 965 3,
726 870 781 935 ubi
803 870 880 936 haec
903 871 1062 955 legrmtur:
1086 869 1191 961 ἔρδειν
1213 873 1272 957 μὲν

12 1047 17 1051 ,
106 978 240 1047 ἐκάλουν
263 979 322 1046 καί
345 978 447 1067 ῥέζειν
468 978 545 1061 (scil.
568 977 598 1046 οἰ
622 978 762 1046 παλαιοὶ
783 976 821 1045 τδ
845 976 1078 1067 καλλιερεύειν).
1115 979 1215 1043 Porro
1231 977 1271 1043 de

105 1086 148 1151 Is,
172 1094 205 1151 et
228 1085 315 1150 Osir.
338 1107 405 1171 cap.
429 1089 448 1150 2
471 1084 638 1150 laudantur
659 1083 837 1175 βρωμάτων
851 1087 983 1153 πολλῶν
1000 1081 1134 1170 ἀποχαί.
1164 1087 1272 1171 Atque

16 1256 17 1261 ,
101 1192 144 1258 ad
168 1192 257 1274 dece,
280 1194 335 1277 qui
353 1194 424 1278 puri
447 1192 520 1272 sint,
535 1192 749 1257 sacrificantes
772 1191 812 1256 ab
828 1193 912 1256 omni
935 1200 1024 1278 parte
1039 1193 1109 1278 puri
1124 1192 1272 1258 accedere

101 1300 255 1365 iubentur
281 1300 357 1364 item
385 1299 419 1363 in
440 1299 549 1385 fragm.
571 1303 614 1364 42
638 1298 784 1383 (Duebn.)
807 1298 855 1364 his
879 1299 998 1365 verbis:
1030 1300 1141 1369 πολλὰ
1162 1300 1221 1391 γὰρ
1237 1300 1270 1368 αἰ

11 1469 16 1505 3
103 1413 210 1497 χεῖρες
240 1408 303 1474 τῶν
334 1402 517 1493 ἀναγκαίων
548 1406 621 1491 μέν,
655 1401 851 1497 ἀκαθάρτων
883 1407 918 1474 δὲ
950 1410 1123 1475 ποιοῶσιν·
1151 1406 1196 1489 εἰς
1217 1400 1273 1476 οὗν

107 1513 194 1604 πρὸς
223 1511 261 1581 τὸ
291 1519 385 1582 θεῖον
416 1514 574 1605 ἐνέργειαν
604 1513 733 1581 δέονται
764 1513 966 1602 καθάρσεως,
998 1513 1083 1582 διότι
1113 1513 1150 1583 τδ
1178 1521 1273 1583 θεῖον

12 1684 14 1697 2
92 1619 265 1711 καθαρόν.
289 1623 340 1689 δεῖ
362 1618 455 1688 δὲτὸ
477 1615 590 1706 δμοιον
617 1616 728 1701 αὐτοῖς
749 1617 945 1714 ὑπηρετεῖν·
969 1620 1014 1712 μὴ
1042 1622 1192 1690 σπένδειν
1218 1614 1273 1691 ούν

11 1712 13 1805 J
107 1728 153 1818 μὴ
184 1726 462 1819 προκαθάραντας
492 1726 551 1808 τὰς
580 1734 715 1819 χεῖρας·
739 1730 852 1817 πολλῷ
885 1722 948 1817 ἀρα
979 1732 1101 1814 μᾶλλον
1131 1732 1177 1818 τῷ
1209 1726 1273 1818 δλιμ

108 1826 234 1922 σάματι
256 1837 308 1902 δεῖ
330 1832 521 1926 καθαρούς3
547 1832 702 1926 πράττειν
729 1835 771 1903 τὰ
798 1835 882 1926 πρὸς
904 1834 1023 1917 θεούς·
1047 1837 1084 1903 ἐκ
1106 1836 1166 1926 γάρ
1190 1829 1272 1904 ἀνά

106 1942 241 2033 θάρτιον
268 1945 332 2009 τῶν
358 1937 501 2030 ὀργάνων
529 1941 560 2011 εἰ
585 1942 750 2036 τιμιόημεν
777 1936 907 2027 αύτούς,
935 1935 1162 2011 ἀποπτύουσιν
1184 1937 1274 2033 ἡμῶν

104 2049 164 2130 τὰς
186 2049 249 2116 ἐπὶ
271 2056 343 2133 τοῖςΙ
363 2049 519 2129 τοιούτοις
542 2047 646 2139 ἔργοις
668 2045 757 2141 ἀράς.

212 2156 253 2219 In
277 2156 396 2221 scholio
421 2178 531 2222 versus
557 2159 619 2220 742
643 2155 783 2240 (Gaisf.):

266 2264 350 2356 μηδέ
372 2265 445 2331 ποτ’
470 2260 613 2357 οἰνοχόην
634 2264 768 2350 τιθέμεν
789 2268 944 2357 κρητῆρος
966 2259 1111 2356 ύπερθεν

108 2369 354 2454 Wyumbaohio
377 2370 527 2456 reliquiae
549 2371 716 2435 nonnullae
731 2371 946 2435 commentarii
969 2371 1148 2436 Plutarehei
1171 2371 1274 2435 inesse

111 2474 298 2540 videbantur
319 2477 370 2561 (ef.
393 2477 412 2542 l.
431 2478 450 2542 l.
473 2476 492 2542 I
514 2500 544 2563 p.
569 2480 732 2560 192),,αοε
755 2485 857 2542 amm
879 2477 1048 2542 Plutarcho
1075 2477 1275 2542 tribuendum

109 2605 182 2647 esse
205 2605 383 2648 censemus:
423 2583 533 2652 πολλὰ
555 2587 689 2652 τοιαῦτα
719 2586 775 2653 καί
803 2592 871 2666 τοῖς
893 2586 1131 2674 Πυθαγορείοις
1152 2586 1276 2672 ἐλέγετο

108 2688 201 2779 ζυγὸν
222 2689 267 2781 μη
288 2688 497 2782 ὑπερβαίνειν
520 2692 577 2760 καὶ
599 2689 744 2776 χελιδόνα
768 2692 813 2782 μὴ
833 2691 1032 2777 εἰσδέχεσθαι
1056 2694 1114 2760 καί
1135 2692 1276 2783 μαχαίρᾳ
1327 2748 1330 2754 .

105 2805 175 2889 πῦρ
198 2799 244 2890 μὴ
261 2797 441 2867 σκαλεύειν·
458 2802 658 2886 συμβολικῶς
675 2805 891 2889 παραινούσι4
910 2803 974 2868 τῶν
997 2795 1208 2889 ὀργιζομένων
1230 2798 1275 2889 μὴ

104 2905 290 2994 ἐπεγείρειν
321 2907 377 2973 διὰ
404 2903 507 2995 λόγων
534 2911 779 2995 παροξυντικῶν
809 2906 847 2976 τδ
880 2904 994 2988 πάθος
1029 2908 1085 2974 καί
1114 2903 1277 2997 φλυάρους

106 3012 153 3104 μὴ
177 3012 316 3101 εἰσάγειν
342 3012 390 3094 εἰς
416 3014 471 3082 τδν
497 3008 586 3083 οἰκον
614 3015 671 3082 καί
697 3011 814 3095 λάλους
846 3015 902 3083 καί
929 3014 974 3104 μὴ
1001 3017 1069 3082 δεῖν
1091 3013 1127 3081 τὸ
1150 3012 1277 3081 δίκαιον

109 3116 325 3209 ὑπερβαίνειν.
358 3128 501 3190 τοιοῦτον
532 3111 588 3190 οὖν
618 3122 675 3189 καί
704 3120 742 3190 τὸ
774 3122 962 3189 ἐπιτιθέναι
988 3124 1034 3210 τῶ
1062 3126 1192 3211 κρατῆρι
1220 3120 1277 3210 την

112 3225 255 3321 οἰνοχόην
283 3229 477 3314 συμβολικὸν
504 3228 692 3315 παίδευμα·
713 3229 857 3296 τουτέστι
884 3227 929 3318 μη
957 3227 1165 3318 ἐπίπροσθεν
1189 3218 1277 3315 ἀγειν

110 3337 169 3401 τοῦ
200 3341 306 3404 κοινοῦ
336 3333 374 3403 τδ
390 3333 499 3404 ·ἰ’διον.
530 3332 549 3404 δ
578 3337 637 3422 μέν
662 3333 722 3425 γδρ
755 3335 874 3426 κρατὴρ
905 3332 1077 3425 προύκειτο
1107 3334 1216 3414 κοινδς
1245 3336 1278 3402 ἐν

219 3569 227 3598 ¹
246 3568 299 3622 Καὶ
323 3567 351 3621 τὸ
375 3567 434 3635 περὶ
459 3575 512 3621 τῶν
536 3570 639 3622 θυσιῶν
663 3568 728 3634 πρὸς
754 3570 799 3621 τὸν
816 3569 967 3634 πυθόμενον
984 3567 1028 3621 διὰ
1047 3569 1073 3620 τί
1092 3566 1189 3634 μικρὰς
1207 3566 1277 3619 οὕτω

100 3658 153 3714 καί
171 3657 285 3716 εὐτελεῖς
304 3659 392 3720 ἔταξεν
407 3660 460 3711 ’ἵνα
478 3658 515 3726 μή
534 3659 605 3722 ποτ’,
624 3659 685 3726 ἔφη,
701 3660 837 3726 ιτιμῶντες
855 3657 884 3709 τδ
898 3659 972 3711 θεῖον
989 3657 1171 3724 διαλίπωμεν’.

219 3748 353 3816 12Κομιδῆ
372 3747 464 3800 δὲκαὶ
483 3747 513 3800 τὰ
536 3755 589 3800 τῶν
618 3749 720 3800 θυσιῶν
738 3748 822 3816 ἔχεται
846 3755 892 3816 τῆς
915 3748 1107 3815 Πυθαγορικῆς
1135 3744 1277 3814 ἁγιστείας·

103 3840 268 3906 ἀναίμακτοι
291 3836 339 3905 γὰρ
359 3837 434 3905 ἦσαν,
453 3839 485 3889 αῖ
491 3858 520 3905 γε
537 3837 629 3889 πολλοὶ
648 3837 684 3889 δι’
706 3837 815 3905 αλφίτου
834 3836 880 3889 καί
898 3837 1012 3904 σπονδῆς
1030 3835 1075 3888 καὶ
1094 3841 1146 3889 τῶν
1165 3834 1278 3888 εύτελεσ·

104 3929 196 3982 τούτων
215 3926 395 3994 πεποιημέναι.

161 4060 163 4064 .
221 4016 232 4045 ³
251 4017 296 4068 Itu
313 4016 487 4070 scribendum
505 4015 614 4070 videtur
632 4034 681 4086 pru
699 4017 846 4084 καθαρῶς.-

220 4107 232 4136 4
251 4105 314 4159 Huc
333 4107 466 4160 Heinsius
485 4106 570 4176 (apud
589 4106 687 4173 Gaius.)
706 4112 778 4159 recte
795 4104 911 4159 coniecit
930 4122 979 4175 pro
997 4111 1193 4171 παραινοῦντας.

1088 4213 1122 4267 μ
