3146 4832
873 256 915 325 to

787 354 999 361 ——-—..-.-—

308 453 364 522 καί
388 454 489 535 ξένιον
513 449 557 535 ὥς
578 458 640 522 τῶν
663 455 759 536 ξένων
782 455 973 550 προστάτην,
999 449 1146 544 ὁμόγνιον
1171 452 1214 538 εἰς
1236 459 1298 524 τῶν
1322 460 1470 546 συγγενῶν

307 560 447 646 μάλιστα
479 561 609 652 φύλακα
641 563 698 629 καί
730 566 792 631 τῶν
824 561 909 654 πρὸς
939 564 1013 643 τούς
1047 560 1215 652 δμογνίους
1245 562 1471 656 καθηκόντων·

309 665 392 735 οίίτω
414 667 473 757 γάρ
497 669 553 735 καί
580 672 642 736 τῶν
669 670 702 735 έν
730 665 870 759 ὀρφανίᾳ
894 667 1021 753 ζεόντων
1049 666 1145 738 αἰτόν
1173 669 1279 758 έίεγον
1306 667 1472 762 κηδεμόνα,

307 775 434 865 πατέρα
457 774 638 861 νομίζοντες
661 776 792 843 πάντων
815 778 871 844 καί
896 764 940 843 ὧν
964 771 1021 845 οἰκ
1044 776 1125 845 εἰσιν
1142 771 1316 868 ἀνθρωποι
1335 779 1474 867 πατέρες

308 883 365 949 καί
387 880 513 973 βοηθόν
535 885 599 949 τῶν
622 876 840 969 ἀδικουμένων
863 885 1014 973 πατέριον
1038 881 1105 952 ὑπὸ
1129 890 1193 951 τῶν
1211 886 1352 952 παιδιῦν.
1378 877 1473 972 ἀγάλ-

306 1017 395 1074 ματα
417 988 478 1078 γάρ
501 988 581 1056 εἰσιν
605 988 633 1056 οῖ
658 991 798 1079 πατέρες
828 994 886 1059 τοῦ
909 991 1042 1058 πάντων
1070 990 1206 1079 πατρός,
1238 994 1295 1059 τοῦ
1324 989 1423 1071 Διός·
1446 990 1470 1059 οἰ

309 1098 344 1163 δέ
366 1094 413 1176 εἰς
435 1096 474 1162 τά
498 1091 667 1183 ἀγάλματα
690 1100 753 1164 τιῦν
775 1101 862 1164 θεῶν
886 1101 1049 1184 δυσσεβεῖς
1075 1098 1122 1179 εἰς
1145 1090 1259 1178 αότοίς
1281 1093 1471 1188 ἀναφέρουσι

307 1201 382 1283 τούς
403 1202 510 1286 orote,
535 1193 579 1270 ὧν
601 1201 642 1270 τὰ
666 1196 846 1290 ἀγάλματα,
868 1202 926 1294 την
946 1206 1142 1292 δυσσέβειαν,
1166 1201 1248 1272 ὥστε
1264 1203 1398 1285 εἰκότως
1414 1204 1473 1297 ἔφη

307 1308 362 1376 τὸν
386 1309 451 1376 Δία
474 1311 530 1377 καί
554 1314 689 1395 νεμεσᾶν
712 1309 837 1390 τοίτοις
860 1312 916 1379 καὶ
932 1315 1037 1379 πᾶσιν
1053 1308 1135 1397 δμσῖι
1150 1316 1212 1378 τῶν
1229 1305 1349 1379 ἀδίκων
1365 1310 1473 1401 έργων,

308 1411 391 1506 άπερ
415 1416 666 1510 διηριδμήσατο,
699 1417 843 1507 χαλεπὴν
874 1414 1070 1486 ἀποδιδόναι
1104 1417 1233 1486 ἔκτισιν.
1267 1413 1349 1511 αἰτη
1373 1415 1471 1508 γὰρὴ

307 1519 429 1613 ἀμοιβὴ
452 1527 514 1591 τῶν
529 1520 735 1617 ἀδικημάτων
750 1524 889 1614 τιμωρία
905 1551 954 1605 τις
970 1515 1047 1592 orico
1063 1531 1121 1615 τῆς
1136 1521 1266 1605 ἀδικίας
1281 1521 1470 1605 ἀκόλουθος.

306 1630 374 1694 Illis
398 1631 481 1694 enim
503 1653 582 1713 quae
605 1629 645 1695 de
668 1630 810 1716 patribus
833 1631 1020 1696 venerandis
1042 1640 1153 1717 utpote
1175 1631 1264 1697 Iovis
1287 1632 1471 1717 imaginibus

306 1736 508 1823 proferuntur
531 1737 645 1801 similia
664 1745 829 1801 occurrunt
843 1740 875 1801 in
891 1738 999 1822 fragm.
1017 1742 1056 1804 37
1075 1739 1229 1823 (Duebn.),
1252 1739 1306 1803 ubi
1323 1739 1363 1803 de
1380 1742 1471 1826 patri-

304 1844 363 1909 bus
386 1843 518 1908 dicitur:
559 1838 614 1926 σός
645 1848 693 1913 δεῖ
723 1843 805 1930 μετὰ
838 1846 936 1926 θεοὺς
963 1852 1059 1931 τιμᾶν
1087 1843 1130 1927 ὡς
1153 1840 1334 1934 ἀγάλματα,
1368 1846 1469 1938 φησίν,

304 1941 380 2020 όντα
408 1949 458 2042 ἐφ’
484 1948 574 2041 ἑστίη
607 1958 706 2035 θεῶν,
740 1974 819 2036 quae
847 1952 961 2016 clarius
989 1953 1198 2038 intellegimus
1228 1954 1363 2038 cognitis
1398 1976 1468 2038 quae

304 2059 336 2121 in
359 2058 419 2122 hoc
442 2058 561 2122 scholio
584 2058 686 2123 fusius
710 2059 743 2122 in
767 2081 835 2123 eam
859 2062 1045 2123 sententiam
1069 2059 1277 2146 disputantur.
1322 2060 1464 2125 Etiamin

306 2165 402 2229 schol.
425 2164 466 2229 ad
489 2188 519 2231 v.
544 2168 561 2229 7
567 2170 607 2230 33
632 2164 753 2249 (Gaisf.)
787 2165 871 2229 haud
903 2165 998 2231 dubie
1029 2166 1229 2247 Plutarcheo‚
1260 2166 1347 2252 quod
1379 2166 1459 2232 modo

305 2274 517 2353 tractavimus
539 2272 631 2336 huius
655 2273 828 2336 sententiae
844 2272 962 2357 aliquid
977 2275 1068 2351 inest,
1091 2274 1211 2338 scilicet
1225 2276 1259 2337 in
1273 2274 1381 2338 verbis
1403 2270 1464 2342 ἀπὸ

302 2386 366 2447 τιῦν
389 2385 504 2447 κοινῶν
526 2379 675 2469 πατέρων
697 2382 752 2470 τῆν
775 2386 869 2469 τιμῆς
892 2376 1066 2468 ἀρχόμενον
1081 2380 1306 2469 παιδουργίας.
1345 2380 1464 2446 Deinde

303 2487 430 2551 novisse
460 2486 571 2587 saltem
593 2486 796 2550 Plutarchum
823 2486 927 2550 locum
950 2487 1146 2551 Platonicum
1169 2486 1209 2551 ad
1232 2510 1326 2572 quem
1350 2496 1463 2573 postre-

303 2617 388 2657 mum
411 2593 521 2657 scholii
546 2593 741 2657 enuntiatum
764 2593 991 2657 conformatum
1015 2602 1064 2658 est
1087 2593 1281 2659 ostendimus
1305 2617 1402 2681 supra
1422 2593 1462 2678 (cf.

301 2725 332 2787 p.
349 2703 412 2785 36).
450 2705 557 2785 Atque
580 2702 674 2763 etiam
698 2702 797 2764 oratio
820 2700 969 2764 nonnulla
991 2700 1150 2765 Plutarchi
1174 2701 1321 2766 dictionis
1345 2701 1460 2789 propria

302 2807 436 2871 exhibet.
497 2806 550 2872 Sic
586 2807 720 2871 libenter
756 2808 846 2893 ponit
877 2807 1065 2872 Plutarchus
1099 2831 1208 2873 vocem
1243 2809 1451 2899 διαφερόντως,

301 2915 389 2979 velut
411 2913 452 2978 de
474 2914 552 2978 Her.
575 2914 645 2977 mal.
669 2936 735 2999 cap.
760 2916 817 2978 26:
851 2915 1060 2996 ἐσπουδακώς
1087 2917 1123 2983 δὲ
1149 2917 1225 3005 περὶ
1248 2914 1306 2996 τὰς
1328 2910 1453 3008 Ἀθήνας

300 3020 517 3112 διαφερόντως
539 3018 633 3085 etde
656 3020 713 3085 fac.
732 3022 764 3084 in
788 3021 852 3086 orb.
868 3021 931 3085 lun.
947 3044 1014 3108 cap.
1031 3025 1092 3087 26:
1125 3029 1187 3090 τῶν
1209 3049 1243 3091 τε
1267 3026 1459 3113 φαινομένων

299 3132 396 3212 θεῶν,
421 3127 494 3220 ἔφη,
526 3134 651 3218 χρῆναι,
684 3128 741 3196 καί
766 3157 824 3215 μοι
851 3121 1100 3217 παρεκελεύετο,
1128 3136 1225 3216 τιμᾶν
1253 3131 1463 3223 διαφερόντως

299 3234 356 3326 τὴν
379 3236 517 3326 σελήνην.
561 3235 670 3302 Verba
685 3239 747 3303 τῶν
763 3236 847 3325 πρδς
868 3237 942 3317 τοὺς
958 3232 1126 3323 δμογνίους
1141 3237 1353 3330 καθηκόντων
1368 3238 1464 3302 simile

299 3342 416 3406 habent
438 3343 468 3405 in
493 3342 603 3406 scholii
626 3341 667 3405 ad
690 3366 719 3408 v.
744 3346 806 3408 340
837 3343 1017 3408 Plutarchei
1048 3344 1153 3408 verbis
1186 3348 1248 3411 τῶν
1280 3343 1366 3435 πρὸς
1398 3344 1465 3424 τοὺς

299 3448 413 3540 φίλους
434 3449 490 3516 καί
518 3447 662 3536 γείτονας
689 3449 909 3543 καθηκόντων.
960 3450 1106 3535 Denique
1129 3451 1334 3515 Plutarchum
1362 3452 1466 3537 prodit

297 3558 377 3620 ratio
409 3555 462 3619 illa
493 3555 699 3620 concludendi
724 3556 828 3622 verbis
861 3551 944 3624 ὥστε
976 3552 1107 3638 εἰκότως
1135 3557 1219 3651 (ἔφη
1242 3558 1298 3625 τδν
1322 3560 1387 3626 Δία
1411 3560 1464 3627 καί

297 3666 431 3748 νεμεσᾶν
452 3661 602 3747 τοέτοις),
626 3663 759 3747 qualiter
781 3664 859 3728 dicit
880 3664 912 3727 in
935 3663 1045 3750 fragm.
1064 3668 1102 3729 17
1124 3665 1288 3749 (Duebn.):
1313 3660 1394 3733 ὥστε
1418 3667 1465 3734 εἰ-

297 3770 398 3851 κότως
424 3774 522 3838 λυπεῖ
553 3771 610 3837 καί
642 3769 678 3839 τδ
711 3771 842 3860 σμικρὸν
873 3770 1113 3861 ἀφαιρούμενον
1144 3781 1176 3836 et
1203 3775 1235 3835 in
1268 3773 1379 3857 fragm.
1403 3778 1464 3838 48:

298 3871 378 3944 ιῖἰστε
400 3874 532 3957 εἰκότως
559 3879 608 3944 δεῖ
635 3877 854 3967 φυλάττεσθαι
882 3878 938 3967 τὴν
965 3880 1068 3968 κακὴν
1090 3879 1199 3972 φήμην
1236 3887 1269 3943 et
1299 3879 1331 3943 in
1354 3879 1465 3964 fragm.

296 3989 357 4049 49:
381 3980 461 4053 ὥστε
483 3983 615 4064 εἰκότως
636 3982 692 4073 τὴν
708 3983 969 4076 τρισκαιδεκάτην
990 3985 1076 4076 πρὸς
1090 3988 1150 4072 μὲν
1164 3987 1201 4055 τὸ
1218 3987 1366 4076 σπείρειν
1389 3983 1464 4054 rive

295 4090 465 4183 πιτήδειον
489 4086 581 4158 εἶναι.
