3146 4832
793 174 835 244 64

337 373 378 439 In
400 374 544 442 versibus
568 380 632 442 353
655 386 688 441 et
711 380 775 443 354
798 376 953 460 (Goettllz

388 483 444 552 τὸν
467 484 617 574 φιλέοντα
640 487 744 573 φιλεῖν
768 486 893 573 καὶτῷ
916 482 1087 572 πρασίοντι
1109 488 1266 571 πρσσῖμεν

389 591 445 657 καί
469 586 779 680 concatenabat,
803 591 926 681 καὶμὴ
949 590 1045 676 δόμεν
1068 587 1104 672 ὅς
1126 590 1307 681 κενμὴδρῖ

231 695 364 760 offendit
385 695 580 777 Plutarchus,
603 696 688 781 quod
711 720 768 762 nos
792 707 898 763 vetare
920 695 1087 763 videantur
1109 696 1192 777 dare,
1214 695 1396 785 priusquam

232 805 453 888 acceperimus,
476 811 509 867 et
531 812 698 889 postquam
720 804 946 890 acceperimus,
969 803 1053 868 dona
1074 805 1250 869 necessaria
1279 801 1397 866 faciant

232 910 300 974 sive
323 909 397 974 dare
428 932 485 974 nos
516 916 661 996 cogant.l
705 911 802 989 Quod
833 909 984 975 iudicium
1016 912 1164 975 miramur
1193 909 1298 974 iacere
1322 908 1389 972 Plu-

230 1016 371 1080 tarchum
394 1015 529 1081 eundem
551 1019 605 1102 qui
628 1040 658 1083 v.
683 1021 760 1083 355:

390 1121 473 1215 δαίτῃ
496 1125 556 1209 μέν
578 1152 626 1204 τις
648 1123 776 1209 ἔδωκεν,
800 1116 906 1215 δδαίτῃ
929 1117 959 1192 δ’
975 1118 1064 1205 οδτις
1086 1121 1206 1192 ἔδωκεν

231 1230 387 1294 sententia
408 1226 585 1316 praeditum
603 1231 755 1297 consimili
772 1231 1002 1319 elegantissime
1016 1231 1172 1296 illustrare
1188 1232 1276 1295 sciat.
1318 1230 1390 1293 Pro

230 1337 296 1400 clus
320 1339 402 1400 enim
425 1337 465 1401 ad
487 1336 517 1401 h.
541 1362 570 1402 v.
593 1338 670 1403 haec
693 1337 733 1402 de
756 1337 925 1402 Plutarcho
947 1337 1058 1403 refertt
1088 1337 1209 1421 εἰκάζει
1231 1337 1305 1418 τοῖς
1326 1363 1391 1404 τοι·

231 1443 340 1525 οότους
371 1441 443 1512 ὅσοι
465 1445 655 1536 προαίρεσιν
679 1443 855 1537 δωρητικὴν
878 1443 985 1529 έχουσι
1014 1451 1081 1525 τοῖς
1110 1443 1339 1536 σφαιρίζουσιν,
1363 1442 1396 1510 οἳ

229 1550 381 1637 λαβόντες
420 1549 476 1642 τὴν
507 1545 561 1642 ίφ’
595 1545 739 1643 ἀλλήλων
771 1559 919 1643 ῥιφεῖσαν
952 1558 1093 1643 σφαῖραν
1125 1546 1198 1620 οῖτε
1226 1552 1392 1634 κατέχουσι

231 1652 304 1726 oilae
328 1654 570 1744 ἀντιπέμπουσι
601 1665 669 1739 τοῖς
698 1656 744 1750 μὴ
771 1658 871 1727 εἰδόσι
894 1659 1082 1750 σφαιρίζειν,
1111 1658 1194 1726 ἀλλὰ
1215 1665 1283 1738 τοῖς
1305 1654 1393 1725 δυτι-

231 1765 367 1853 τιέμφαι
391 1767 587 1852 δυναμένοις.
626 1765 804 1844 Quominus
828 1774 932 1830 autem
955 1767 987 1830 in
1011 1766 1144 1831 similem
1166 1763 1294 1829 modum
1313 1766 1395 1827 sicut

229 1872 345 1936 licebat
367 1895 419 1937 vv.
437 1876 500 1938 354
516 1881 549 1936 et
565 1876 628 1938 355
644 1873 823 1958 explicaret,
845 1871 1049 1937 Plutarchum
1071 1871 1233 1958 prohibuit
1254 1871 1394 1935 anxietas

230 1978 383 2063 quaedam
406 1980 563 2064 ceteroqui
587 1980 616 2043 ei
639 1979 740 2044 aliena
762 2002 854 2064 quam
878 1979 917 2044 ad
940 1979 999 2045 hos
1014 2002 1125 2045 versus
1144 1976 1395 2064 interpretandos

231 2084 356 2150 videtur
378 2086 530 2153 attulisse.
568 2086 673 2172 Negat
696 2086 778 2149 enim
801 2088 855 2171 qui
871 2108 973 2150 amare
989 2094 1145 2150 amantem
1167 2085 1311 2150 iubeatur
1328 2084 1395 2168 (τὸν

230 2193 381 2285 φιλέοντα
404 2197 519 2283 φιλεῖν)
542 2194 622 2257 scire
653 2215 748 2278 posse
770 2193 838 2258 isne
866 2215 958 2278 quem
981 2202 1139 2257 amaturus
1163 2193 1205 2257 sit
1227 2192 1326 2256 amori
1347 2214 1395 2256 re-

230 2322 400 2385 sponsurus
417 2300 459 2364 sit
473 2323 586 2380 amore,
609 2300 743 2387 ideoque
760 2299 838 2364 dicit
852 2299 1067 2365 dubitaturum
1082 2300 1171 2363 illum
1186 2321 1256 2363 esse
1271 2290 1394 2362 initium

229 2406 332 2470 facere
355 2406 479 2470 amandi
484 2431 493 2487 ;
516 2407 662 2492 idemque
685 2407 829 2470 nimirum
844 2405 956 2470 cadere
975 2407 1008 2470 in
1023 2415 1127 2471 cetera
1142 2427 1222 2492 quae
1240 2405 1394 2491 imperen-

229 2521 293 2578 tur:
326 2512 362 2581 τὸ
391 2515 574 2602 προσιέναι,
606 2512 642 2582 τὸ
674 2512 809 2597 διδόναι,
840 2513 877 2581 τδ
909 2511 954 2605 μὴ
987 2512 1123 2582 διδόναι.
1178 2511 1275 2590 Quod
1303 2534 1393 2597 quam

229 2628 337 2705 argute
354 2623 563 2705 excogitatum
586 2621 629 2684 sit
651 2628 789 2706 apparet.
827 2620 914 2684 Nihil
931 2623 1012 2685 enim
1029 2619 1115 2684 aliud
1137 2620 1190 2704 qui
1207 2619 1265 2683 hos
1285 2641 1394 2684 versus

229 2727 351 2812 pepigit
383 2727 494 2791 suadet
517 2750 609 2812 quam
632 2735 668 2790 ut
690 2750 761 2791 eum
784 2749 870 2792 ames
899 2750 992 2813 quem
1015 2749 1119 2792 amore
1143 2728 1216 2811 eiga
1238 2734 1271 2790 te
1296 2726 1392 2790 teneri

230 2842 322 2919 putes
354 2842 387 2898 et
419 2834 594 2900 benefacias
627 2835 656 2898 ei
679 2856 774 2919 quem
796 2834 853 2900 tibi
877 2835 1112 2900 benefacturum
1136 2834 1224 2898 scias.
1277 2833 1390 2898 Poetae

230 2949 334 3005 autem
365 2942 505 3026 quisquis
538 2949 605 3005 erat
635 2941 811 3006 condonare
844 2941 978 3007 debebat
1006 2941 1191 3014 Plutarchus
1223 2940 1394 3026 simplicem

230 3049 314 3112 illam
338 3049 547 3113 elocutionem
559 3057 578 3112 2.
632 3049 745 3134 Neque
779 3050 881 3113 minus
913 3055 1075 3133 argutatur
1096 3048 1154 3112 hos
1177 3069 1289 3112 versus
1313 3049 1395 3112 vitu-

229 3178 342 3241 perans
348 3204 357 3235 ,
386 3155 471 3240 quod
503 3156 653 3220 beneficia
684 3155 818 3221 reddant
849 3155 1031 3219 necessaria
1067 3155 1190 3241 Nempe
1210 3154 1288 3218 nihil
1311 3151 1396 3217 aliud

337 3406 345 3435 ¹
364 3406 429 3461 Vid.
444 3405 533 3461 Procl.
552 3406 587 3459 ad
605 3404 632 3459 h.
647 3423 703 3461 vu:
723 3405 829 3463 τούτους
847 3405 1047 3473 όΠλοόταρχσς
1066 3404 1185 3475 ἐκβάλλει
1204 3402 1263 3462 τοὺς
1281 3405 1395 3471 στίχους.

230 3494 312 3564 ὁγὰρ
331 3496 433 3563 μέλλων
451 3495 532 3563 λέγειν
550 3497 594 3547 ὅτι
613 3504 666 3553 τοῖς
691 3496 800 3564 ἆγαδοῒς
818 3495 846 3547 τὸ
865 3496 964 3548 διδόναι
989 3495 1117 3563 προσήκει
1142 3495 1188 3548 καί
1213 3494 1250 3552 ὡς
1274 3496 1396 3562 χαίρουσι

229 3587 343 3643 διδόντες
362 3586 456 3644 ἄτοπος
475 3585 506 3637 ἂν
525 3586 564 3653 εἴη
582 3585 665 3653 λέγων
683 3585 728 3639 καί
747 3587 847 3638 διδόναι
870 3593 907 3652 τῷ
930 3586 1027 3638 διδόντι
1054 3585 1100 3637 καί
1122 3584 1160 3653 μὴ
1179 3585 1278 3638 διδόναι
1301 3592 1339 3650 τῷ
1357 3582 1395 3651 μὴ

230 3676 333 3728 διδόντι·
354 3673 486 3743 αὗταιγὰρ
501 3674 532 3728 ἂν
546 3674 591 3733 τὰς
605 3677 689 3734 δόσεις
707 3675 850 3743 ἀναγκαίας
868 3676 956 3738 ἐποίει,
970 3674 1014 3733 τὰς
1029 3674 1059 3727 δὲ
1071 3673 1325 3743 προκαθηγουμένιις
1343 3680 1396 3725 τῶν

229 3764 384 3831 εὐεργεσιῶν
401 3765 537 3833 ἐξέκοψεν.

337 3854 347 3882 2
366 3853 468 3907 Itidem
486 3855 561 3908 canit
579 3858 660 3925 poeta
677 3859 785 3908 nostras
803 3853 891 3907 Mirza
909 3852 1020 3924 Schaffy
1039 3854 1068 3907 in
1086 3870 1109 3908 c.
1129 3855 1179 3908 64:
1278 3894 1280 3899 ·

389 3943 439 3998 Ich
457 3943 528 3998 liebe
547 3945 591 3998 die
610 3941 683 3998 mich
701 3944 791 3998 lieben

387 4034 453 4090 Und
472 4034 552 4088 hassa
570 4034 614 4089 die
633 4034 706 4089 mich
724 4033 830 4088 hussen.

955 4624 1556 4806 *4
