3146 4832
858 227 978 323 52Ἴ

457 422 523 488 οἵτε
546 447 602 505 μιν
625 415 798 500 ἐξελάσωσι
820 420 877 487 καί
899 413 959 488 οὐκ
981 418 1091 488 ἰθεῖαν
1114 417 1240 505 ἐνειμαν

297 525 506 612 adscriptum:
525 526 662 613 ἐπεται
689 528 749 613 μέν
777 525 930 621 ἑλκομένη
958 523 1014 594 διὰ
1036 525 1181 617 τραχείας
1208 521 1284 593 ὁδοῦ
1308 526 1366 593 καὶ
1389 529 1463 593 δυσ-

296 629 420 720 βότου·
452 634 508 701 καί
540 626 600 702 οὐκ
626 626 704 723 αίντη
733 628 854 720 όχουσα
883 631 1008 726 ηδίκη,
1041 630 1109 702 ἀλλ’
1135 625 1273 725 υῖχομένη
1296 632 1425 717 βιαίως,
1449 625 1465 701 δ

297 744 389 832 δηλοῖ
411 737 448 808 τὸ
472 742 628 808 ἕλκεσθαι
660 734 758 830 αὐτην
790 735 833 822 οῖς
864 742 1055 832 βιαζομένην
1086 735 1153 809 ὑπὸ
1180 744 1242 807 τιῖν
1266 732 1466 831 δωροφόχων

296 853 423 936 κριτῶν.
457 848 576 915 ἐπεται
599 848 634 915 δέ
658 841 887 916 οῖποκλαίουσα
910 846 965 940 την
987 846 1087 916 πόλιν
1110 849 1144 915 ἐν
1167 837 1187 937 ᾗ
1209 850 1349 915 τοιοῦτοι
1373 845 1465 914 δικά-

298 958 386 1038 ζουσι
411 955 468 1023 καὶ
490 954 531 1022 τὰ
553 949 621 1046 llll
643 960 706 1022 των
728 953 902 1045 χαιρόντων
923 952 1081 1037 τοιοίτοις
1103 958 1288 1035 δικασταῖς·
1306 954 1406 1023 κακόν
1429 956 1464 1021 δέ

298 1063 391 1153 φέρει
415 1057 624 1151 ἀνθρώποισι
646 1055 715 1147 μετ)
740 1055 777 1130 οὗ
801 1063 886 1130 πολὺ
908 1062 1065 1150 τιμωρίαν
1088 1055 1198 1142 αἰτοῖς
1220 1061 1390 1150 ἐπόχουσα
1411 1067 1465 1151 τῆς

298 1174 443 1260 πονηρᾶς
457 1168 610 1260 κρίσεως.
636 1163 653 1237 ό
675 1170 735 1255 μέν
758 1162 811 1236 οὖν
836 1169 1004 1255 κλαυθμὸς
1026 1172 1118 1262 δηλοῖ
1139 1168 1194 1237 τὸν
1213 1167 1301 1236 ἐλεον
1316 1174 1374 1259 τῆς
1387 1196 1461 1254 μοχ-

297 1282 404 1370 θηροῖς
425 1276 662 1365 προαιρέσεως·
686 1271 758 1367 ἦδέ
773 1277 859 1366 φορὰ
880 1279 935 1345 τοῖν
958 1279 1060 1344 κακοῦ
1083 1273 1139 1367 τὴν
1161 1274 1258 1343 ίασιν.
1283 1273 1385 1356 οὕτως
1405 1274 1462 1363 γὰρ

298 1380 382 1474 ἡμᾶς
405 1384 511 1451 ἐλεοῦν
534 1382 569 1451 τὸ
596 1389 691 1451 θεῖον
721 1382 839 1463 ποινὰς
870 1379 1019 1466 ἀπαιτεῖ,
1052 1384 1108 1450 καὶ
1139 1380 1210 1463 τοὺς
1242 1380 1463 1466 ἐξελαύνοντας

299 1482 353 1559 οὖν
374 1490 432 1580 τὴν
455 1484 499 1571 aig
521 1484 654 1583 οῖληθοῖς
677 1488 767 1582 δίκην
791 1490 899 1571 ἐλέους
920 1491 1062 1575 μέτεισιν
1084 1484 1104 1581 η
1128 1487 1209 1581 δίκη.
1234 1490 1291 1557 καί
1313 1489 1388 1569 τοῖς
1404 1482 1462 1556 orla

298 1597 409 1665 ἰθεῖαν
432 1591 532 1686 αὐτὴν
555 1596 724 1682 νείμαντας
745 1603 813 1678 τοῖς
827 1597 1048 1682 διωξομένοις
1070 1598 1130 1664 ἐπί
1145 1596 1181 1664 τό
1199 1595 1257 1665 ἰθὺ
1272 1596 1461 1686 μεθίστησιν

298 1697 368 1773 υῖπδ
390 1706 447 1772 τοῦ
470 1706 601 1771 σκολιοῦ
624 1697 735 1793 ἤθους.
760 1705 815 1771 καί
839 1703 897 1791 χδρ
922 1701 1074 1797 ἑλκομένη
1098 1701 1153 1771 διὰ
1175 1707 1233 1793 της
1256 1706 1367 1795 στενῆς
1388 1697 1461 1770 ὁδοῦ

297 1812 354 1880 καί
385 1809 534 1899 τραχείας
556 1812 809 1880 ἐπανακαλεῖται
836 1810 908 1890 τοές
931 1812 1082 1892 ἐλξαντας
1104 1807 1200 1901 αὐτὴν
1224 1809 1270 1891 είς
1292 1811 1349 1900 τὴν
1377 1813 1459 1876 πλα-

297 1925 385 1987 τεῖαν
408 1914 482 1986 δδδν
506 1911 584 2009 αὐτῇ
612 1918 668 1985 καὶ
691 1918 788 2002 λείαν,
813 1915 893 1985 ὥστε
915 1921 1020 1986 δοκεῖν
1047 1920 1105 2003 μέν
1133 1920 1280 1985 ἐλκεσθει
1312 1912 1379 1985 ἐπὸ
1399 1922 1456 1983 τοῖν

298 2029 406 2106 κακῶς
429 2021 528 2114 αὐτὴν
549 2025 731 2109 μετιόντων,
755 2027 872 2092 ἐκεῖνοι
895 2025 931 2091 δέ
955 2028 1099 2093 είλκοντο
1122 2022 1190 2093 {inl
1217 2031 1281 2092 τῶν
1305 2027 1337 2092 ἐν
1359 2017 1455 2101 αότοῖς

298 2137 423 2199 παθεῖν
454 2135 622 2212 δοκοῦντες
654 2133 768 2199 ἕλκειν.
822 2130 861 2194 ln
892 2131 1005 2216 quibus
1035 2153 1093 2195 nos
1123 2131 1282 2195 Plutarchi
1313 2130 1450 2217 imprimis

299 2261 407 2303 cares
437 2237 600 2302 admonuit
621 2237 706 2323 quod
729 2237 852 2302 indoles
874 2260 973 2323 prava
995 2261 1101 2302 eorum
1125 2240 1178 2323 qui
1201 2239 1355 2301 iniustitia
1380 2237 1454 2301 dele

299 2354 422 2410 ctantur
452 2345 629 2410 miseranda
652 2368 721 2410 esse
751 2345 872 2410 dicitur.
918 2345 1046 2410 Etenim
1068 2346 1174 2410 miseri
1205 2345 1401 2431 appellantur
1426 2343 1452 2405 iu

298 2453 408 2538 fragm.
426 2457 466 2517 39
491 2452 636 2536 (Duebn.)
663 2452 784 2534 πάντες
811 2451 840 2521 ci
869 2456 934 2520 τῶν
961 2455 1095 2538 θεσμῶν
1123 2447 1311 2541 ὑπερόπται
1335 2455 1396 2519 τῶν
1415 2448 1452 2529 εἷς

298 2559 466 2627 κοινωνίαν
494 2560 720 2644 συντεινόντων,
744 2583 874 2644 quarum
898 2559 1002 2644 legum
1026 2568 1075 2623 est
1097 2560 1192 2624 etiam
1216 2559 1345 2623 iustitia.
1369 2559 1449 2622 Prae-

298 2675 384 2731 terea
406 2666 563 2756 τιμωρίαν
586 2666 712 2753 ἐπαίνει,
736 2665 822 2752 quod
844 2665 928 2731 idem
951 2666 1065 2751 legitur
1087 2668 1119 2729 in
1144 2665 1262 2731 scholio
1279 2665 1366 2730 adv.
1383 2666 1446 2730 325:

297 2774 461 2864 μέμφεται
494 2774 550 2841 καί
581 2772 739 2861 τιμωρίαν
770 2772 903 2862 ἐπόχει,
935 2773 1138 2837 Plutarchum
1167 2772 1292 2837 videtur
1325 2772 1439 2859 prodere,

299 2888 331 2945 et
360 2879 513 2945 vocabula
542 2877 693 2972 μοχθηρὰ
725 2879 917 2971 προαίρεσις
944 2902 1019 2945 νοτε
1046 2880 1233 2944 Plutarchea
1261 2903 1332 2945 esse
1363 2873 1438 2965 quivis

299 2986 446 3052 dictionis
469 2985 674 3051 Plutarcheae
698 2986 749 3052 vel
772 2986 971 3051 mediocriter
992 2989 1111 3073 peritus
1135 2986 1203 3051 scit.

404 3094 551 3158 Alterum
583 3094 676 3158 nobis
710 3093 918 3179 fragmentum
952 3093 1134 3180 suppeditat
1168 3093 1322 3159 scholium
1357 3107 1447 3158 versus

300 3203 363 3267 692
388 3200 528 3285 (Gaisf.):

402 3309 505 3397 μέτρα
528 3301 771 3399 φυλάσσεσθαι·
788 3307 899 3397 καιρός
922 3302 951 3376 δ
968 3308 1025 3376 ἐπὶ
1048 3314 1149 3376 πᾶσιν
1172 3302 1306 3399 δριστος.

298 3412 402 3484 είπιδν
424 3413 469 3505 μη
493 3418 560 3482 δεῖν
592 3415 700 3483 πάντα
731 3422 770 3506 τῇ
801 3417 854 3509 νηὶ
885 3416 1056 3499 πιστεύειν,
1090 3409 1159 3483 ἄλλ)
1185 3413 1269 3483 οἴκοι
1292 3404 1450 3482 τὰπολλὰ

298 3521 509 3590 καταλείπειν
541 3520 595 3589 διὰ
627 3522 683 3613 τὴν
711 3516 847 3616 όδηλίαν
876 3525 938 3590 τῶν
970 3516 1108 3608 οῖνέμων,
1137 3524 1193 3590 καὶ
1224 3520 1451 3609 παραδείγματι

298 3635 342 3717 cpi
364 3632 419 3716 της
442 3626 566 3722 διμυίξης
591 3627 889 3721 χρησόμενος(καὶ
915 3629 974 3719 γὰρ
1001 3629 1105 3720 ἐκείνη
1133 3627 1252 3720 φόρτον
1279 3625 1451 3695 ἐπιτιθέναι

299 3733 402 3803 πολεῖν
425 3732 485 3804 οὐκ
508 3729 544 3805 εὖ
567 3734 640 3820 ἐχει,
656 3733 702 3826 μή
718 3762 798 3803 ποτε
813 3735 936 3827 κατόξη
958 3764 1007 3817 τις
1030 3731 1152 3827 αὐτὴν),
1177 3738 1339 3819 πανταχοῦ
1353 3754 1449 3816 παρα-

298 3840 460 3911 κελεύεται
482 3835 537 3910 τοῦ
559 3844 601 3928 μέ
626 3871 702 3932 τρου
725 3842 943 3925 στοχάζεσθαι
975 3845 1032 3911 καί
1067 3841 1134 3932 πρὸ
1173 3842 1305 3910 πόντων
1337 3838 1380 3919 είς
1407 3830 1450 3900 τὸν

297 3947 410 4040 καιρὸν
433 3943 519 4039 δρᾶν.
544 3948 611 4018 ἐστι
636 3950 695 4041 γὰρ
724 3939 816 4029 οὗτος
843 3948 954 4030 ῖκανδς
982 3947 1173 4041 συλλήπτωρ
1201 3940 1245 4017 ὧν
1273 3947 1449 4037 ἐνερχοῧμθι

297 4051 409 4146 ὥσπερ
431 4057 489 4124 καί
511 4058 670 4144 δύσμαχος
692 4055 892 4153 παροφθείς.
915 4056 1083 4147 ἐναρμόζει
1098 4055 1157 4148 χὰρ
1181 4052 1271 4148 ἡμῶν
1293 4059 1339 4145 τῷ
1361 4043 1450 4120 παντὶ
