3146 4832
654 254 697 320 49

88 442 297 542 εδωχηθέντα
320 452 375 519 καί
399 452 673 539 παρακαλέσαντα
695 449 769 534 τοδς
794 450 906 535 θεούς,
936 447 1017 520 oltra
1039 452 1259 539 παιδουργεῖν,

88 554 162 626 ἀπὸ
184 561 249 624 τῶν
273 564 387 626 κοινῶν
410 560 563 649 πατέρων
584 563 642 649 τῆς
663 565 757 651 τιμῆς
780 555 950 648 ἀρχόμενον
965 563 1022 649 τῆς
1037 557 1258 647 παιδουργίας.

87 665 221 729 Etenim
243 665 295 729 hic
317 688 441 750 quoque
464 674 655 730 monstratur
676 664 807 759 μίμημα
830 672 923 749 θεοῦ,
950 663 1099 730 videlicet
1125 662 1144 756 ἡ
1168 660 1259 755 ἀρχή.

87 771 219 836 Deinde
242 772 327 857 quod
349 774 524 859 procreatio
543 773 639 859 prolis
663 772 704 836 ad
726 772 992 837 immortalitatem
1014 772 1117 836 facere
1137 771 1261 850 dicitur,

93 879 204 943 eodem
228 902 355 944 munere
378 880 466 966 fungi
489 902 628 945 amorem
650 881 844 965 coniugalem
868 880 999 965 legimus
1023 887 1115 943 amat.
1138 900 1205 964 cap.
1223 882 1258 943 5:

93 983 174 1053 ἀλλὰ
207 990 349 1075 λοιδορεῖ
381 989 438 1054 καί
469 987 713 1081 προπηλακίζει
745 987 821 1069 (scil.
854 983 1051 1066 δπαιδικδς
1080 984 1179 1075 ἔρως)
1206 983 1260 1053 τὸν

90 1091 250 1184 γαμήλιον
273 1096 397 1162 ἐκεῖνον
419 1096 477 1163 καί
500 1093 646 1184 συνεργὸν
661 1088 845 1175 ἀθανασίας
866 1098 912 1183 τῷ
928 1099 1040 1186 θνητηῖ
1054 1094 1145 1180 γένει,
1169 1100 1262 1178 σβεν-

88 1201 225 1294 νυμένην
247 1198 338 1291 ἡμῶν
361 1199 416 1291 τῆν
439 1199 535 1292 φύσιν
559 1195 659 1282 εδθδς
682 1201 901 1284 ἐξανάπτοντα
929 1198 984 1268 διοὶ
1011 1203 1075 1267 τῶν
1103 1201 1260 1286 γενέσεων.

87 1308 174 1371 Tum
190 1308 288 1372 verba
310 1308 366 1376 καὶ
389 1306 449 1398 γὰρ
472 1308 592 1397 γένεσίς
614 1310 682 1376 ἐστι
706 1309 762 1375 καὶ
786 1304 899 1398 φθορά
921 1330 985 1371 non
1003 1309 1106 1371 minus
1130 1306 1262 1370 obscura

88 1438 186 1500 quam
211 1415 421 1500 singulariae
446 1415 584 1480 tenebris
609 1416 640 1479 in
667 1415 769 1479 lucem
793 1423 946 1480 vocantur
969 1416 1038 1478 loco
1065 1414 1202 1499 compari
1229 1414 1262 1477 in

90 1530 211 1607 quaest.
224 1521 413 1589 conv.VIII
431 1525 459 1603 1,
476 1526 505 1601 2,
520 1523 574 1587 ubi
590 1521 740 1586 doeemur
754 1522 875 1608 γένεσιν
897 1527 1011 1589 πᾶσαν
1035 1520 1155 1590 οἰκείου
1177 1518 1262 1602 τινὸς

90 1629 133 1711 εἰς
149 1631 259 1719 ἔτερον
275 1628 422 1697 ἔκστασιν
439 1631 495 1696 καί
519 1627 649 1719 φθορὰν
668 1624 759 1697 εἶναι.
791 1628 888 1707 Quod
903 1651 980 1694 vero
996 1629 1137 1713 sequitur
1152 1628 1262 1693 scholii

89 1736 287 1800 enuntiatum
311 1744 344 1800 ct
366 1737 442 1801 satis
465 1744 532 1800 arte
559 1736 600 1801 ad
623 1759 660 1801 ea
691 1759 770 1822 quae
803 1735 993 1800 antecedunt
1020 1757 1090 1800 sese
1117 1735 1261 1822 applicat,

90 1852 121 1908 et
144 1846 252 1930 ipsum
274 1843 371 1907 refert
393 1843 532 1908 studium
554 1843 631 1908 illud
654 1843 704 1927 (cf.
720 1868 750 1930 p.
766 1846 819 1927 47)
841 1842 1001 1907 Plutarchi
1021 1865 1084 1928 quo
1100 1843 1132 1906 in
1148 1843 1261 1927 quovis

90 1953 229 2036 negotio,
251 1951 432 2036 priusquam
455 1950 488 2015 id
511 1950 737 2037 aggrediamur,
755 1950 833 2015 deos
856 1972 914 2015 nos
933 1949 1019 2014 adire
1042 1949 1138 2030 iubet,
1160 1949 1205 2013 ita
1227 1957 1263 2012 ut

90 2058 149 2122 hoc
173 2080 300 2143 quoque
323 2058 492 2122 Plutarcho
514 2057 647 2123 fidenter
669 2057 849 2122 adiudicare
871 2057 972 2122 liccat.

198 2164 349 2250 Sequitur
381 2165 533 2229 scholium
564 2165 649 2250 quod
681 2164 874 2251 adscriptum
906 2174 955 2229 est
983 2164 1024 2229 ad
1052 2189 1082 2230 v.
1107 2169 1169 2231 325
1194 2187 1261 2249 sqq.

92 2273 234 2357 (Gaias.):

251 2374 322 2448 icor
345 2372 385 2462 δ),
410 2377 445 2460 δς
466 2376 502 2447 θ’
521 2378 625 2472 ἱκέτην
649 2377 684 2462 δς
705 2408 738 2448 τε
761 2384 861 2464 ξεῖνον
885 2380 984 2450 κακδν
1009 2379 1091 2472 ἔρξῃ,

252 2482 288 2567 δς
310 2514 345 2554 τε
367 2485 571 2577 κασιγνήτοιο
595 2486 650 2554 tot
672 2484 735 2555 ἀνοὶ
758 2489 871 2573 δέμνια
893 2487 989 2578 βαίνῃ

251 2594 450 2685 κρυπταδίης
473 2587 564 2685 εδνῆς
587 2591 703 2678 ἀλόχου
726 2594 930 2684 παρακαίρια
954 2594 1060 2683 ῥέζων,
1079 2584 1089 2603 ⁰

253 2699 289 2782 ὅς
311 2729 345 2769 τε
369 2698 410 2769 δι’
437 2698 597 2795 ἀφραδίῃς
621 2695 817 2769 ἀλιταίνεται
841 2693 969 2792 δρφανα
992 2703 1096 2784 τέκνα,

253 2807 290 2889 ὅς
311 2836 346 2876 τε
369 2812 467 2899 γονῆα
491 2810 622 2899 γέροντα
645 2815 736 2898 κακηῖ
759 2810 819 2877 έπὶ
842 2809 960 2899 γήραος
982 2802 1066 2897 οδδῴ

253 2916 370 3007 νεικείῃ
393 2920 564 3000 χαλεποῖσι
587 2916 841 3003 καθαπτόμενος
864 2918 1030 2984 ἐπέεσσιν·

253 3027 299 3112 τῷ
323 3021 351 3091 δ
377 3018 449 3114 ῆτοι
472 3022 554 3103 Zela
576 3017 672 3104 αδτδς
694 3020 850 3110 ἀγαίεται,
875 3025 909 3103 ές
931 3025 967 3091 δέ
991 3021 1136 3113 τελευτῆν

255 3130 355 3219 ἔργων
380 3124 447 3198 ἀντ’
472 3126 594 3198 ἀδίκων
616 3129 761 3221 χαλεπὴν
783 3129 949 3224 ἔπέθηκεν
972 3126 1120 3221 ἀμοιβήν.

90 3239 143 3308 διά
167 3238 294 3308 τούτων
317 3238 373 3305 καὶ
396 3242 460 3305 τῶν
483 3236 555 3329 έξῆς
569 3237 740 3330 εἰρημένων
757 3236 874 3321 στίχων
897 3233 980 3305 δκτιδ
1000 3244 1069 3317 τοῖς
1088 3236 1264 3329 εἰρημένοις

91 3345 332 3439 ἁμαρτήμασιν,
356 3340 405 3426 οἷς
428 3345 529 3435 ἔφατο
552 3344 644 3439 δίκην
668 3341 858 3413 ἀκολουθεῖν
874 3344 967 3432 παροὶ
982 3348 1044 3412 τῶν
1058 3350 1157 3428 θεῶν,
1181 3336 1264 3412 ἀλλα

89 3460 293 3545 συναριθμεῖ
315 3449 355 3520 δι’
382 3452 480 3544 ἔργων
502 3445 717 3542 ἁμαρτήματα
741 3446 810 3520 ἀπὸ
839 3448 969 3520 ἀνοσίου
991 3451 1141 3540 γινόμενα
1164 3453 1263 3543 ζωῆς·

89 3567 196 3632 ταῦτα
221 3562 258 3628 δέ
282 3562 367 3628 ἔστιν
389 3560 495 3654 ἱκέτην
517 3564 680 3649 παριδεῖν,
705 3559 751 3641 εἰς
772 3561 880 3641 ξένους
904 3566 1099 3649 κακουργεῖν,
1123 3555 1264 3649 ἀδελφοῖν

89 3667 307 3761 διαφθείρειν
323 3661 424 3759 εδνῆν,
449 3663 643 3757 ἁμαρτάνειν
657 3669 738 3757 περὶ
754 3660 921 3758 ὀρφανούς,
938 3661 1076 3756 ὑβρίζειν
1093 3665 1139 3747 εἰς
1154 3667 1265 3754 γονέας

88 3779 255 3869 γέροντας.
280 3775 381 3842 παντὶ
404 3777 464 3865 γὰρ
485 3781 533 3863 τηῖ
560 3774 705 3863 τοιούτῳ,
735 3774 842 3867 φησίν,
866 3769 883 3842 δ
907 3772 988 3854 Ζευς
1011 3770 1167 3861 ἀγαίεται,
1190 3800 1264 3841 του-

88 3887 175 3954 τέστι
203 3883 365 3973 μέμφεται
390 3884 446 3950 καὶ
469 3882 626 3971 τιμωρίαν
649 3880 776 3971 έπάγει.
802 3881 1019 3973 διαφερόντως
1046 3881 1082 3948 δέ
1105 3887 1163 3948 τοῦ
1185 3877 1265 3959 Διὸς

90 3991 342 4086 ἐμνημόνευσεν,
375 3990 490 4079 ἐπειδὴ
522 3989 633 4070 πείσας
665 3989 712 4070 εἰς
738 3987 793 4058 τδν
819 3986 897 4057 θεδν
923 3992 1036 4056 τοῦτον
1063 3983 1179 4077 ἀνῆγον
1206 3985 1266 4066 τοὶς

89 4099 251 4177 τοιαύτας
273 4097 500 4190 προσηγορίας,
533 4094 653 4165 ἱκέσιον
675 4100 845 4178 καλοῦντες
867 4091 911 4176 οἱς
933 4094 1051 4187 ἔφορον
1067 4100 1130 4162 τοῖν
1153 4093 1265 4163 ἱκετῶν

1053 4221 1071 4274 4
