3146 4832
722 237 761 301 77

159 441 310 520 quantum
333 440 416 497 esset
440 433 525 497 oliva
548 431 667 497 edisset
695 432 814 497 nullum
844 439 1005 519 praeterea
1036 433 1140 498 cibum
1168 433 1324 519 requirere

159 541 364 628 Epimenides
390 548 501 627 postea
523 563 557 605 re
580 540 762 605 ostenderit.
807 539 907 625 Atqui
929 539 1092 606 Hesiodus
1116 562 1226 606 revera
1248 539 1325 605 dicit

158 649 294 736 perbene
317 648 385 714 vivi
406 671 500 734 posse
524 648 610 713 victu
634 647 767 733 simplici
788 647 953 712 fruentem.
983 646 1106 715 Verum
1128 670 1227 734 paene
1251 670 1324 712 ocu-

158 756 260 820 lorum
282 755 356 820 fidei
378 778 441 820 non
465 753 621 820 credimus
643 754 783 840 legentes
816 756 848 818 in
871 754 1037 840 fragmenti
1064 754 1135 819 libri
1158 753 1199 819 de
1222 754 1324 819 anima

159 864 325 950 compositi
348 886 415 950 cap.
438 867 459 927 4
482 885 578 929 versu
599 861 763 927 Hesiodeo

317 969 496 1062 κρύψαντες
518 970 577 1061 γὰρ
601 968 709 1054 ἔχουσι
732 969 807 1038 θεοὶ
829 967 902 1055 βίον
926 964 1132 1059 ἀνθρώποισι

158 1079 237 1143 hanc
261 1080 447 1144 sententiam
470 1078 624 1142 illustrare
647 1076 858 1157 Plutarchum,
881 1084 1013 1140 mortem
1036 1075 1139 1140 timeri
1162 1075 1201 1140 ab
1223 1076 1323 1140 homi·

159 1187 261 1264 nibus,
283 1185 369 1272 quod
392 1184 468 1271 quid
493 1185 559 1249 vita
582 1186 633 1264 sit,
664 1183 741 1270 quid
772 1206 855 1248 mors
878 1182 923 1246 dii
954 1184 1124 1249 celaverint
1153 1183 1324 1249 homines1.

158 1293 255 1373 Quod
278 1301 387 1357 contra
409 1292 571 1357 Hesiodus
595 1290 673 1357 dicit
695 1291 814 1356 victum
841 1291 1016 1356 occuluisse
1044 1290 1121 1356 deos
1144 1291 1322 1357 hominibus

157 1424 197 1467 ne
221 1425 292 1466 eum
314 1400 475 1487 acquirere
498 1408 629 1487 possent
650 1399 752 1463 facile.

264 1508 380 1587 Qualia
412 1510 439 1572 si
471 1507 541 1592 quis
574 1510 708 1594 scriptor
738 1506 868 1571 illustris
900 1505 995 1570 hodic
1027 1506 1087 1571 sibi
1118 1509 1322 1593 permitteret,

157 1618 254 1680 risum
276 1623 419 1681 moveret
426 1640 436 1695 3
465 1615 519 1678 illa
548 1622 650 1679 aetate
674 1613 840 1678 offensioni
869 1613 954 1677 haud
976 1612 1072 1679 dubie
1094 1637 1157 1678 non
1187 1615 1321 1681 fuerunt

156 1722 250 1788 Adeo
274 1730 433 1788 mutantur
450 1720 566 1788 iudicia
588 1722 748 1788 hominum
771 1744 807 1788 ac
830 1743 951 1787 sensus.

264 1940 274 1970 ¹
291 1941 403 1994 Ἔοικεν
417 1940 433 2008 ἡ
448 1938 524 2008 ψυχὴ
543 1939 651 2007 ἔχεσθαι
669 1939 715 1993 καὶ
732 1940 936 2009 περιπεπλέχθαι
954 1937 1010 2007 (τῷ
1025 1939 1144 2012 σώματι)
1165 1939 1196 1992 δι’
1217 1940 1321 1994 εὔνοιαν

157 2028 282 2097 οὐδεμίαν
300 2028 380 2082 αὐτοῦ
399 2029 445 2082 καὶ
463 2029 548 2098 χάριν,
566 2030 620 2082 ἀλλ’
640 2031 798 2099 όρρωὸοῦσα
816 2039 862 2084 τοῦ
881 2031 997 2085 θανάτου
1016 2031 1062 2102 τὴν
1080 2032 1232 2100 ἀδηλότητα.

315 2119 465 2187 κρύψαντες
483 2118 532 2187 γὰρ
551 2120 640 2187 ἔχουσι
658 2120 718 2174 θεοὶ
735 2122 795 2190 βίον
813 2120 975 2189 ἀνδρώποισι

156 2207 224 2262 κατὰ
242 2207 285 2262 ιὸν
304 2208 389 2276 σοφὸν
404 2210 544 2265 Ἡσίοδον.
