3146 4832
736 256 754 317 9

161 447 288 533 negabit
302 454 346 529 ut,
368 447 528 513 Plutarchi
547 451 574 513 si
590 450 643 534 qui
658 457 796 515 exstaret
810 450 843 514 in
858 449 1058 535 theogoniam
1074 450 1324 531 commentarius,

162 562 324 640 separatus
353 564 493 620 maneret
521 578 540 620 a
569 556 695 621 scholiis
729 557 923 643 theogoniae.
979 557 1195 625 Vehementer
1228 557 1324 643 igitur
1376 538 1379 545 ⁴

162 661 281 726 lubrica
302 661 380 726 haec
403 671 451 726 est
473 664 615 748 quaestio
643 673 676 728 et
702 687 781 750 quae
808 664 849 729 ad
871 672 990 729 certum
1017 665 1110 729 finem
1132 665 1188 729 vix
1210 663 1324 729 deduci

161 770 271 854 possit,
293 769 354 834 nisi
376 792 494 834 novum
517 770 644 856 aliquod
666 771 815 837 auxilium
837 779 962 858 praeter
984 795 1072 858 spem
1091 771 1226 836 accedat.
1259 770 1323 837 Sed

161 884 198 940 ut
220 876 324 941 omnia
345 886 534 963 temptemus
557 900 636 963 quae
658 901 724 944 rem
748 878 912 943 obscuram
934 880 966 942 in
993 878 1093 944 lucem
1116 901 1229 944 vocare
1251 901 1325 965 pos-

58 1067 60 1070 ⁴
161 983 238 1065 sint,
261 1006 315 1049 ecs
338 984 451 1069 quibus
479 985 664 1070 theogoniae
693 1008 803 1051 versus
831 984 1002 1051 afferuntur
1028 985 1188 1050 Plutarchi
1215 987 1324 1072 genui-

161 1113 272 1155 norum
295 1092 481 1178 scriptorum
496 1093 582 1157 locos
598 1117 669 1158 cum
685 1093 812 1159 scholiis
827 1116 907 1178 quae
923 1091 1050 1158 eosdem
1066 1116 1176 1158 versus
1191 1101 1326 1158 tractant

161 1221 386 1285 comparemus,
415 1201 443 1263 si
465 1199 542 1285 quid
563 1200 696 1265 forsitan
719 1201 801 1265 inter
823 1209 954 1287 utraque
978 1201 1190 1266 similitudinis
1214 1200 1325 1287 depre-

160 1305 343 1372 hendamus.
387 1307 449 1371 Illo
479 1330 518 1372 ex
549 1331 678 1373 numero
711 1311 737 1373 si
770 1331 824 1373 eos
854 1309 940 1373 locos
970 1309 1083 1394 quibus
1114 1308 1176 1395 ipsi
1202 1315 1325 1372 tantum

161 1436 271 1479 versus
301 1413 474 1479 afferuntur
500 1415 585 1480 nulla
611 1416 867 1502 interpretatione
895 1415 1017 1481 adiecta
1039 1415 1164 1480 silentio
1186 1422 1324 1501 praeter·

115 1608 118 1615 ¹
160 1521 327 1602 mittimus,
356 1522 420 1586 duo
447 1530 580 1604 restant,
610 1545 742 1608 quorum
768 1526 853 1610 prior
882 1524 989 1587 estin
1017 1531 1135 1609 quaest
1158 1545 1248 1587 conv.
1270 1521 1324 1586 IX

164 1631 214 1709 14,
238 1631 266 1693 7.
310 1629 362 1693 Ibi
385 1630 498 1715 quibus
521 1630 662 1715 singulae
684 1653 791 1695 musae
814 1629 994 1695 muneribus
1016 1630 1186 1716 fungantur
1208 1629 1324 1694 docens

162 1735 411 1807 Plutarchusad
433 1737 537 1822 theog.
559 1761 589 1802 v.
614 1741 655 1802 79
679 1760 737 1825 sq.:

269 1843 443 1936 Καλλιόπη
466 1838 502 1912 θ)
524 1865 531 1879 ·
555 1837 575 1936 ἢ
598 1847 634 1913 δὲ
657 1845 902 1936 προφερεστάτη
925 1846 1007 1914 ἐστίν
1031 1839 1197 1913 ἁπασέων.

267 1943 287 2042 ἢ
310 1950 369 2040 γὰρ
392 1954 448 2019 καί
470 1955 652 2038 βασιλεῦσιν
675 1944 731 2037 ἃμ)
756 1952 926 2021 αἰδοίοισιν
949 1946 1066 2044 ὀπηδεῖ

160 2058 290 2144 respicit
312 2081 382 2122 cum
404 2058 482 2123 haec
508 2058 600 2123 dicit:
635 2061 692 2127 τοῦ
719 2060 815 2148 λόγου
843 2058 881 2128 τὸ
903 2060 963 2145 μέν
986 2060 1054 2127 ἐστι
1077 2057 1246 2128 πολιτικόν
1268 2061 1324 2127 καὶ

161 2165 343 2251 βασιλικόν,
373 2159 424 2257 ἔην)
450 2155 477 2255 q?
506 2164 561 2257 τὴν
591 2166 785 2261 Καλλιόπην
816 2166 975 2250 τετάχθαι
1004 2168 1100 2258 φησίν
1129 2161 1322 2247 όἩσίοόος.

161 2271 359 2349 Quibuscum
381 2272 460 2337 nihil
482 2273 693 2337 similitudinis
716 2272 831 2339 habere
847 2281 935 2359 patet
953 2295 1032 2358 quae
1049 2274 1218 2338 scholiasta
1232 2272 1322 2338 dicit:

160 2376 336 2471 Καλλιόπη
361 2378 436 2470 ἔπη,
460 2372 498 2471 ἢν
522 2381 577 2447 καί
599 2381 864 2473 προφερεστόκην
886 2376 960 2449 εἷπε
983 2386 1115 2465 πασιῦν,
1144 2375 1194 2449 ότι
1216 2378 1325 2473 πόσης

161 2482 342 2577 ἐπιστήμης
365 2481 382 2554 ὃ
400 2486 493 2575 λόγος
515 2481 730 2577 ἀνώτερος·η’
753 2485 808 2555 διὰ
831 2485 866 2556 τὸ
889 2486 944 2579 νην
966 2486 1139 2582 ποιητικὴν
1163 2481 1324 2577 ἆνωτέραν

161 2581 267 2660 οὖσαν.
300 2594 407 2678 Atque
424 2594 516 2657 etiam
531 2599 694 2658 munerum
709 2594 822 2659 ceteris
837 2596 936 2658 musis
952 2617 971 2658 a
987 2595 1153 2659 scholiasta
1169 2602 1201 2659 et
1216 2617 1235 2659 a
1249 2595 1324 2659 Plu-

160 2699 268 2763 tarcho
284 2699 380 2783 (ibid.)
396 2700 616 2765 attributorum
631 2708 718 2765 tanta
734 2710 782 2766 est
797 2701 964 2767 diversitas
980 2710 1069 2766 utne
1085 2704 1117 2765 in
1132 2701 1182 2766 his
1197 2700 1324 2788 quidem

158 2806 220 2870 hcc
243 2805 395 2872 scholium
418 2806 587 2893 quidquam
609 2802 724 2874 habere
747 2831 817 2872 cum
840 2808 1009 2873 Plutarcho
1036 2831 1199 2874 commune
1229 2832 1324 2895 appa-

158 2922 236 2978 reat.
281 2914 394 3000 Itaque
416 2914 504 2979 locos
527 2915 609 2979 inter
631 2938 665 2980 se
689 2916 874 3001 opposuisse
897 2917 973 2980 satis
997 2916 1156 2980 habemus.

257 3093 489 3163 Scholiasta.
881 3096 1128 3164 Plutarchus.

159 3234 267 3303 Κλειιὺ
291 3234 475 3330 ῥητορικήν·
690 3237 725 3308 τὸ
763 3238 935 3329 φιλότιμον
979 3233 999 3329 ἦ
1038 3237 1142 3307 Klete*
1183 3238 1323 3325 μυίλισκα

779 3345 940 3413 κυδαίνειν
981 3347 1036 3414 καί
1075 3352 1323 3437 συνεπιγαυροῦν

779 3450 909 3545 είληχεν.

159 3549 313 3648 Εὐτέρπη
336 3550 526 3648 αίληκικην·
691 3553 840 3650 Εὐτέρπη
870 3561 905 3628 δὲ
933 3562 1003 3641 πᾶς
1031 3552 1069 3628 ίίν
1100 3587 1150 3642 τις
1180 3554 1323 3653 υίποόοίη

777 3664 815 3735 τὸ
831 3665 1028 3759 θεωρητικόν
1050 3670 1108 3750 τίς
1129 3669 1210 3757 περὶ
1227 3667 1324 3759 φύσιν

779 3767 943 3866 ἀληθείας.

162 3876 288 3948 Θάλεια
311 3878 504 3970 κωμῳδίαν·
689 3887 746 3973 τῆς
783 3874 816 3948 ό)
852 3880 1035 3968 ἐπιθυμίας
1072 3880 1108 3951 τὸ
1146 3885 1206 3968 μὲν
1243 3885 1324 3973 περὶ

779 3987 899 4079 ἐδωδὴν
932 3990 990 4056 καί
1021 3988 1120 4058 πόσιν
1149 3985 1169 4081 η
1200 3989 1323 4061 Θοίλεια

778 4095 1003 4191 κοινωνητικὸν
1026 4104 1126 4166 ποιεῖ.
