3146 4832
853 269 895 332 22

768 359 978 367 ---

294 460 415 525 ensium
433 468 517 526 certe
532 484 595 526 non
611 463 737 549 scripsit
757 463 895 549 (scripsit
909 463 1043 528 fortasse
1059 464 1093 531 ἕν
1108 469 1175 543 τοῖς
1189 465 1253 531 τῶν
1266 458 1455 556 Ἀθηναίων

294 566 453 657 πατρίοις)
459 593 468 647 ;
500 568 557 633 sed
589 571 682 634 etiam
709 570 902 636 Boeotorum
925 570 1059 635 eundem
1090 569 1173 634 diem
1200 570 1330 649 festum,
1361 591 1454 653 quern

292 670 436 762 Ἀγαθοῦ
459 674 611 762 δαίμονος
633 676 865 763 appellabant¹,
893 676 1096 742 Plutarchum
1118 685 1210 741 antea
1232 697 1456 740 commemora-

292 781 378 846 visse
389 782 558 847 verisimile
573 793 631 864 est,
646 792 678 848 et
692 783 818 869 quidem
834 792 905 849 ante
917 784 1158 849 Atheniensium
1171 782 1350 869 Πιθοίγια·
1371 781 1457 867 quod

293 910 331 952 eo
349 891 447 974 magis
466 912 524 976 par
539 899 589 954 est
602 898 712 976 putare
728 890 813 976 quod
828 891 918 956 aliter
932 891 1086 977 particula
1101 893 1158 959 aui
1172 892 1204 954 in
1219 890 1320 976 primo
1337 888 1455 953 scholio

292 1017 356 1059 non
384 996 479 1061 habet
505 1019 567 1082 quo
595 997 756 1062 referatur.
805 997 875 1062 Nec
906 997 1031 1063 silentio
1063 997 1339 1084 praetermittimus
1370 994 1456 1081 quod

292 1102 353 1166 hoo
375 1103 583 1187 fragmentum
607 1127 769 1169 commune
796 1105 892 1170 habet
919 1127 991 1170 cum
1012 1104 1122 1190 fiagm.
1146 1108 1179 1185 9,
1202 1101 1384 1190 disputandi
1406 1125 1457 1167 or·
1548 1184 1549 1187 Ἴ

294 1208 399 1273 dinem
430 1209 562 1276 dicimus
594 1212 793 1297 tripartitum.
856 1212 973 1276 Totum
1005 1210 1140 1297 denique
1177 1211 1330 1275 scholium
1366 1210 1456 1295 quasi

188 1316 190 1321 ’
293 1317 388 1381 tacita
402 1318 548 1382 refutatio
565 1328 614 1383 est
629 1341 736 1383 eorum
758 1319 812 1404 qui
827 1319 910 1383 hunc
926 1341 1051 1384 versum
1066 1317 1287 1404 vituperabant
1299 1325 1320 1398 ἱ),
1341 1317 1456 1402 quibus

292 1422 343 1488 hic
365 1434 566 1511 praeceptum
593 1426 710 1490 morale
737 1448 775 1490 co
805 1425 1064 1512 comprehensum
1085 1425 1271 1489 Plutarchus
1294 1432 1456 1489 monstrat

397 1532 449 1596 De
471 1532 646 1618 fiagmento
662 1537 704 1598 28
727 1555 890 1598 censemus
906 1535 988 1619 parti
1010 1533 1120 1619 priori:
1148 1536 1212 1599 τῶν
1235 1531 1458 1617 λιμωττόντων

293 1636 364 1719 τοὺς
385 1638 493 1720 πόδας
519 1641 597 1731 φησὶ
625 1639 843 1724 παχύνεσθαι,
871 1637 908 1708 τὸ
941 1636 968 1707 δ
998 1630 1077 1708 ἀλλο
1106 1643 1198 1724 σῶμα
1225 1637 1455 1706 λεπτύνεσθαι.

294 1745 350 1813 καὶ
374 1739 422 1827 εἷς
444 1746 541 1832 νόμος
562 1737 601 1838 ἦν
613 1744 765 1838 Ἐφεσίων
786 1743 831 1837 μὴ
848 1748 962 1830 ἐξεῖναι
985 1747 1087 1833 πατρί
1109 1749 1234 1827 παῖδας
1248 1741 1456 1828 ἀποθεσθαι,

293 1853 355 1932 ἕως
378 1845 416 1920 ἀν
440 1851 495 1921 διά
517 1852 611 1939 λιμδν
633 1857 786 1945 παχυνθῇ
809 1854 884 1933 τούς
905 1852 1022 1934 πόδας.
1050 1851 1128 1934 ῖσως
1156 1854 1192 1920 δὲ
1219 1854 1276 1920 καὶ
1304 1849 1359 1944 τὴν
1387 1847 1458 1919 ἀπο

293 1959 458 2040 καθίσεως
481 1961 537 2028 καί
565 1957 679 2049 ἀργίας
705 1959 862 2044 πάχυνσιν
891 1963 984 2054 δηλοῖ
1009 1963 1071 2027 τῶν
1094 1957 1229 2027 πάδων·
1250 1958 1369 2046 γίνεται
1397 1959 1458 2049 γὰρ

292 2070 387 2134 coito
418 2074 487 2147 τοῖς
519 2068 578 2135 ἐπὶ
610 2065 697 2135 πολὺ
729 2069 938 2161 καθημένοις.
968 2064 1023 2134 ἐὰν
1055 2059 1111 2135 οὖν
1143 2067 1177 2134 ἐν
1208 2072 1276 2147 τοῖς
1302 2062 1459 2146 ἀλεειναῖς

293 2171 396 2254 οἴκοις
419 2167 513 2264 ἀργὸς
534 2167 724 2265 καθιζάνγγς,
747 2178 850 2265 λεπτῇ
872 2175 952 2263 χειρὶ
968 2171 1024 2241 διὰ
1037 2172 1132 2260 λιμὸν
1146 2171 1220 2253 τοὺς
1234 2179 1351 2257 παχεῖς
1366 2166 1459 2253 ὄντας

293 2279 402 2361 πόδας
424 2282 551 2361 πιέσεις
577 2283 719 2345 immixta
748 2304 817 2346 esse
840 2280 1035 2361 Plutarchea,
1066 2302 1151 2345 mere
1173 2279 1360 2344 Plutarchea
1387 2302 1458 2344 csse

294 2410 374 2472 quae
408 2386 558 2474 deinceps
592 2397 773 2474 sequuntur.
824 2388 936 2456 Verba
966 2387 1049 2452 enim
1078 2385 1133 2455 ἐὰν
1158 2441 1165 2454 .
1191 2440 1198 2454 .
1224 2440 1231 2454 .
1270 2388 1407 2470 πιέσεις,
1439 2409 1459 2452 e

293 2494 406 2579 quibus
430 2494 462 2558 in
486 2504 665 2560 transcursu
688 2494 821 2560 dicimus
845 2493 900 2563 διὰ
922 2494 1015 2582 λιμὸν
1039 2494 1107 2558 tolli
1132 2501 1284 2581 oportere,
1315 2515 1388 2559 cum
1413 2495 1459 2558 ibi

293 2608 403 2685 agatur
426 2600 466 2666 de
489 2601 589 2665 altera
611 2624 706 2666 causa
727 2625 790 2687 qua
811 2601 909 2688 pedes
932 2603 1029 2666 crassi
1051 2601 1123 2666 fieri
1146 2599 1307 2666 dicuntur:
1331 2599 1459 2666 assidue

292 2707 442 2772 videlicet
464 2707 618 2789 sedendo,
647 2731 710 2773 non
740 2708 822 2773 same
855 2748 897 2756 —
929 2708 1006 2773 hacc
1034 2707 1130 2793 igitur
1156 2708 1254 2773 verba
1280 2707 1357 2771 nihil
1385 2716 1460 2771 sunt

292 2815 354 2879 nisi
380 2814 496 2900 frigida
524 2815 684 2901 proximae
715 2816 888 2880 sententiae
921 2814 1068 2901 repetitio
1098 2837 1135 2879 ac
1161 2815 1216 2879 vix
1244 2837 1262 2879 a
1289 2814 1458 2879 Plutarcho

292 2921 440 3008 profecta
490 2921 555 2986 Sed
584 2921 669 3007 quod
699 2922 876 3008 exemplum
906 2945 946 2986 ex
973 2922 1111 2986 historiis
1139 2924 1272 3008 petitum
1301 2923 1334 2984 in
1357 2921 1458 3007 primo

293 3029 412 3093 scholio
435 3029 549 3114 legitur
571 3028 729 3094 Plutarchi
759 3051 828 3094 esse
858 3028 995 3108 videtur,
1021 3029 1206 3114 praesertim
1235 3051 1306 3092 cum
1328 3028 1404 3092 insit
1426 3029 1458 3091 in

294 3158 331 3201 eo
355 3135 464 3201 eadem
488 3136 656 3223 explicatio
679 3135 896 3201 crassitudinis
911 3135 1028 3222 pedum
1043 3158 1123 3222 quae
1139 3143 1250 3222 postea
1263 3135 1348 3199 haud
1364 3134 1458 3200 dubie

293 3243 333 3308 ab
355 3246 425 3330 ipso
448 3243 617 3308 Plutarcho
641 3243 748 3308 datur:
773 3242 860 3312 ἔοικε
883 3245 919 3312 δὲ
941 3244 998 3312 καί
1020 3240 1040 3333 ἡ
1064 3244 1098 3311 ἐν
1120 3249 1188 3323 τοῖς
1209 3245 1316 3328 λιμοῖς
1335 3240 1457 3327 πάχνν-

401 3495 409 3523 ¹
429 3493 471 3547 Cf.
491 3498 595 3562 quaest.
621 3511 698 3546 conv.
722 3493 798 3547 VIII
827 3495 868 3558 10,
887 3494 912 3559 3,
936 3494 967 3546 6:
996 3491 1041 3544 καὶ
1064 3491 1111 3559 τὴν
1136 3492 1236 3559 ἡμέραν
1259 3492 1361 3559 ἐκείνην
1385 3493 1458 3559 ἡμεῖς

292 3581 341 3649 μὲν
356 3583 467 3650 Ἀγαθοῦ
486 3585 623 3649 Δαίμονος,
640 3583 771 3649 Ἀθηναῖοι
790 3580 819 3635 δὲ
837 3583 963 3648 Πιθοίγια
981 3582 1212 3648 προσαγορευούοι.

401 3671 472 3725 ²(lf.
498 3678 602 3742 quaest.
631 3688 708 3725 conv.
736 3671 797 3724 VII
816 3673 841 3737 3,
862 3674 889 3723 l:
924 3670 1042 3731 Ἀλεξίων
1070 3671 1085 3721 ό
1106 3670 1234 3737 πενθερὸς
1261 3669 1386 3737 κατεγέλα
1414 3678 1458 3723 τοῦ

290 3763 417 3815 Ἡσιόδου
435 3769 622 3828 παραινοῦντος
648 3760 796 3828 ἀρχομένου
821 3761 903 3811 πίθου
926 3759 972 3811 καὶ
996 3759 1117 3827 λήγοντος
1140 3759 1324 3827 ἐμφορεῖσθαι,
1346 3761 1458 3825 μεσσόθι

293 3851 323 3905 δὲ
341 3852 489 3919 φείδεσθαι,
508 3853 574 3903 ὅπου
594 3850 622 3901 τὸ
640 3851 815 3917 χρηστότατον
834 3848 948 3915 οἰνάριον
973 3848 1047 3900 ἔστιν.
1063 3850 1117 3907 ’τίς
1135 3848 1206 3916 γὰρ’,
1225 3850 1287 3916 ἔφη,
1303 3848 1370 3900 ὀὐκ
1390 3847 1459 3901 οἶδεν

293 3943 331 3993 ότι
350 3938 462 4007 τοῦμὲν
481 3942 552 3992 οἴνου
571 3939 600 3991 τό
617 3939 698 4006 μέσον
711 3940 806 4007 γίνεται
823 3938 962 4007 βέλτιστον,
980 3945 1026 3990 τοῦ
1044 3938 1069 3990 δ’
1085 3938 1172 3991 ε’λαίου
1187 3937 1215 3990 τδ
1229 3937 1364 4000 ἀνωτάτω,
1384 3937 1413 3989 τὸ
1431 3936 1460 3990 δὲ

293 4030 437 4083 κατωτάτω
460 4036 505 4081 τοῦ
523 4028 641 4095 μέλιτος;
667 4029 682 4079 ό
705 4027 786 4080 δ’ἓᾶν
804 4027 906 4080 ἐκέλευε
929 4025 972 4079 τὸν
999 4027 1026 4079 ἒν
1047 4026 1121 4094 μέσῳ
1146 4025 1215 4079 οἶνον
1238 4026 1283 4079 καὶ
1305 4026 1460 4094 περιμένειν,

294 4121 354 4189 ἄχρι
373 4120 405 4173 ἂν
422 4118 554 4187 μεταβάλῃ
573 4117 639 4185 πρὸς
658 4117 686 4170 τὸ
704 4125 801 4186 χεῖρον,
820 4117 947 4175 ἀποδεοῦς
967 4124 1012 4171 τοῦ
1029 4117 1111 4170 πίθου
1129 4115 1291 4183 γενομένου’.
