3146 4832
627 244 834 342 „22-

143 438 316 526 δηλοῖντος
348 430 397 503 ὅτι
429 428 544 528 άρετὴν
567 435 641 521 ἔχει,
675 431 718 505 δι’
750 429 788 527 ἣν
820 442 1053 528 προσκαρτερεῖ
1083 442 1152 518 τοῖς
1180 434 1313 518 οἰκείοις

146 541 261 633 ἔργοις.
298 541 395 621 Quod
410 542 580 608 Plutarcho
595 542 760 609 Scheerius
783 543 894 608 tribuit
915 543 974 627 (1.1.
989 567 1019 630 p,
1037 546 1098 626 10),
1121 544 1194 628 quia
1209 542 1241 615 in
1257 542 1311 607 illo

120 688 123 695 ·
147 657 290 714 cernatur
305 649 499 714 consuetudo
514 650 675 715 Plutarchi
690 659 815 737 poetam
831 651 1014 737 popularem
1029 648 1311 716 soavillationibus

149 756 419 841 grammaticorum
452 756 673 842 rhetorumque
707 756 907 823 defendendi.
968 757 1043 823 Hoc
1076 764 1160 821 recte
1194 756 1311 820 statuit

147 863 259 949 Neque
281 862 355 928 ideo
378 862 627 929 dissentiendum
658 872 707 929 est
733 863 827 950 quodn
847 864 1034 929 Plutarchus
1062 864 1136 928 alibi
1163 862 1214 945 (de
1241 861 1311 927 aud.

143 978 229 1056 poet
258 992 325 1056 cap.
349 972 368 1033 6
392 975 480 1053 extr.)
512 970 605 1035 aliam
632 970 725 1036 huius
753 992 864 1036 versus
892 971 1180 1058 interpretationem
1208 968 1309 1047 dedit3

142 1075 176 1141 id
201 1076 284 1141 enim
308 1078 432 1163 saepius
456 1099 527 1142 eum
558 1077 672 1143 fecisse
703 1085 815 1165 postea
842 1078 1050 1163 intellegetur.
1094 1076 1218 1142 Ibidem
1241 1077 1310 1141 loco

139 1184 237 1271 paulo
270 1185 429 1270 superiore
463 1207 543 1270 quae
574 1185 720 1271 leguntur
746 1181 845 1266 εὐθὺς
876 1184 999 1254 οἰέσθω
1031 1185 1183 1272 λέγεσθαι
1210 1189 1311 1252 ταῦτα

141 1313 208 1356 non
233 1291 340 1377 inepte
362 1293 534 1378 comparari
557 1301 692 1379 possunt
711 1314 782 1357 cum
801 1292 911 1357 scholii
931 1291 1036 1358 verbis
1060 1294 1200 1361 πλοῖτον
1222 1291 1308 1360 οἰέσ-

141 1406 196 1466 θω
220 1403 276 1466 νῦν
298 1398 461 1486 λέγεσθαι.

248 1504 395 1591 Denique
419 1527 459 1570 ex
481 1504 600 1571 scholio
622 1504 663 1570 ad
685 1529 715 1571 v.
741 1509 803 1572 740
827 1529 874 1592 sq.
897 1505 1039 1590 (Gaisf.):

301 1605 377 1703 μηδ’
401 1605 473 1682 άπδ
496 1612 665 1697 πεντόζοιο
688 1619 775 1682 θεῶν
797 1615 830 1681 έν
852 1614 942 1682 δαιτί
964 1613 1082 1703 θαλείῃ

302 1711 381 1787 αῖον
405 1715 474 1789 ἀπὸ
497 1723 619 1811 χλωροῦ
641 1719 772 1806 τάμνειν
796 1719 932 1789 αῖθωπι
953 1717 1073 1811 σιδήρῳ

144 1826 240 1891 verba
261 1825 516 1914 παρακελεύεται
542 1827 647 1897 τοίνυν
672 1828 718 1919 μὴ
746 1829 779 1896 έν
806 1820 956 1911 εῖωχίαις
981 1833 1071 1896 θεῶν
1093 1827 1215 1913 τέμνειν
1236 1824 1309 1908 τοῖς

143 1928 282 2017 ὄνυχας·
305 1933 477 2018 τέμνοντος
503 1932 563 2024 γὰρ
590 1933 747 2025 πρότερον
774 1934 831 2002 καὶ
854 1935 1115 2026 κεκαθαρμένους
1144 1936 1245 2015 δεῖ)ι
1271 1937 1307 2023 τῇ

141 2039 235 2130 ἑορτῇ
257 2036 488 2131 παραβάλλειν,
517 2034 587 2109 ἀλλ’
611 2034 669 2110 οῖκ
691 2042 724 2109 έν
751 2036 864 2123 αῖταῖς
885 2045 980 2110 τοῦτο
1003 2047 1111 2110 ποιεῖν
1140 2040 1308 2105 Plutarcho

140 2146 226 2212 idern
253 2147 391 2212 restituit
418 2152 458 2234 (p.
484 2151 537 2232 18)
565 2156 638 2234 apte
666 2170 736 2213 cum
766 2150 811 2213 eis
839 2170 1021 2236 comparans
1049 2148 1089 2213 de
1109 2147 1152 2212 Is.
1173 2155 1205 2212 ct
1224 2148 1308 2212 Osir.

141 2276 211 2340 cap.
225 2257 264 2319 4:
287 2255 344 2323 καί
367 2251 425 2344 γάρ
448 2253 502 2324 τδν
524 2249 669 2324 Ἡσίοδον
693 2253 822 2324 οἴεσθαι
848 2259 896 2325 δεῖ
917 2255 1065 2344 λέγοντα·

299 2356 375 2452 μηδ’
400 2356 471 2432 άπὸ
494 2360 660 2444 πεντόζοιο
682 2366 772 2430 θεῶν
796 2364 828 2430 έν
851 2364 939 2431 δαιτί
961 2361 1082 2453 θαλείῃ

301 2457 379 2537 αῖον
401 2466 473 2538 άπό
495 2472 617 2558 χλωροῦ
639 2468 767 2555 τάμνειν
790 2468 925 2538 αῖθωπι
947 2467 1069 2560 σιδήρῳ
1317 2552 1319 2555 ι

145 2570 304 2643 διδάσκειν
328 2572 380 2644 ὅτι
404 2578 454 2644 δεῖ
481 2573 648 2665 καθαροδς
669 2580 733 2644 τῶν
756 2573 908 2645 τοιούτων
934 2576 1116 2665 γενομένους
1143 2574 1307 2666 ἑορτάζειν,

142 2681 201 2749 οὐκ
223 2682 255 2749 έν
276 2675 391 2764 αὐταῖς
412 2689 485 2765 ταῖς
507 2682 695 2773 ἱερουργίαις
715 2687 856 2774 χρῆσθαι
878 2680 1037 2771 καθάρσει
1060 2684 1116 2752 καί
1137 2676 1308 2774 ἀφαιρέσει

139 2793 206 2856 ταῖν
227 2786 490 2878 περιττωμάτων.
529 2790 713 2876 Utrobique
744 2790 827 2856 enim
850 2792 1042 2877 praecipitur
1063 2798 1112 2870 ut,
1141 2800 1307 2876 antequam

140 2897 213 2981 quis
236 2917 302 2960 rem
325 2895 464 2960 divinam
487 2897 589 2978 obeat,
612 2919 731 2983 ungues
754 2905 883 2979 resecet,
906 2919 978 2962 cum
999 2895 1160 2962 Hesiodus
1183 2898 1306 2962 nonnisi

139 3005 223 3068 inter
245 3024 333 3067 sacra
354 3002 414 3066 hoc
440 3004 507 3068 fieri
535 3011 629 3070 vetet
680 3003 715 3069 si
743 3014 847 3070 autem
875 3004 955 3069 hanc
983 3004 1092 3068 scholii
1119 3005 1306 3069 sententiam

141 3109 361 3174 Plutareheam
384 3108 573 3191 iudicamus,
596 3110 690 3175 etiam
713 3133 794 3197 quae
817 3119 990 3196 sequuntur
1011 3110 1180 3176 Plutarcho
1203 3110 1306 3177 danda

143 3239 210 3282 esse
234 3224 379 3303 apparet:
410 3217 466 3285 καὶ
488 3214 547 3305 γὰρ
570 3215 692 3307 τρόπον
714 3215 787 3286 τινὰ
814 3217 964 3308 νέκρωσίς
991 3219 1059 3285 ἐστι
1085 3221 1149 3285 τῶν
1173 3219 1206 3285 ἐν
1229 3212 1306 3307 ἡμῖν

141 3323 262 3415 μορίων
283 3326 384 3408 τοῖτο,
408 3317 568 3414 άφαιροῖν
582 3326 692 3410 [τος]2
715 3320 797 3393 αὐτὰ
820 3330 875 3392 τοῦ
898 3323 1043 3410 σώματος
1066 3319 1109 3405 οῖς
1133 3348 1305 3414 συμπεφυ-

141 3427 220 3500 κότα
242 3429 421 3519 τούτῳκαὶ
444 3430 686 3521 συνοπάρχοντα
709 3418 736 3498 ὧ
757 3432 919 3521 τρέφεται.
942 3432 1000 3521 χρὴ
1016 3423 1079 3514 οὖν,
1103 3430 1131 3499 εἰ
1145 3428 1190 3521 μὴ
1204 3437 1306 3500 ταῦτα

139 3536 395 3628 προαποθήσεις
416 3543 474 3607 τοῦ
495 3540 618 3607 λοιποῦ
640 3537 788 3625 σώματος
810 3536 978 3628 πρότερον,
1006 3538 1165 3607 τουτέστιν
1187 3539 1305 3631 έκτμρ-

137 3646 243 3713 θέντα
256 3642 414 3735 ποιήσεις,
431 3646 464 3713 έν
475 3651 546 3727 ταῖς
560 3650 624 3712 τῶν
640 3636 795 3731 άσβεστον
812 3643 947 3729 ἐχόντων
959 3644 1040 3736 ζωὴν
1052 3650 1141 3713 θεοῖν
1156 3638 1306 3730 εὖωχίαις

137 3751 185 3842 μὴ
206 3743 401 3835 άποστερεῖν
423 3758 526 3820 ταῦτα
549 3754 632 3841 ζωῆς
672 3744 839 3841 άλλότριον
862 3751 921 3841 γὰρ
944 3751 1074 3821 ἐκείνων
1095 3751 1132 3823 τὸ
1156 3759 1304 3824 τοιοῦτον.

250 4019 259 4048 ¹
279 4017 324 4071 Ita
342 4016 485 4072 scribimus
504 4017 691 4074 Gaisfordium
710 4021 797 4074 secuti
819 4020 861 4079 (cf.
881 4019 944 4079 adn.
964 4019 1007 4075 ad.
1026 4019 1052 4076 h.
1072 4020 1102 4087 l.)

250 4106 260 4137 ²
279 4107 408 4165 Fortasse
425 4108 465 4165 ita
482 4107 692 4167 emendandum.
