3146 4832
799 262 879 361 92.

259 458 365 537 tentia,
388 456 538 521 felicitate
561 455 777 542 accipiendum
800 479 870 522 esse
898 455 1024 536 dicat¹;
1054 464 1163 521 contra
1184 457 1216 520 in
1239 455 1358 519 scholio
1383 454 1423 518 ad

258 562 288 627 h.
311 550 345 628 νζ
369 563 552 649 adscripto¹2
583 567 724 632 πλοῖτον
753 563 936 650 intellegens
965 562 1181 627 tantummodo
1211 562 1339 628 divitias
1370 584 1423 625 eas

236 693 338 755 ,quae
361 672 488 756 proprio
504 670 609 735 labore
632 671 714 735 iuste
737 680 931 758 comparatae
948 672 1011 735 sint
1033 669 1249 735 difficultatem
1273 667 1424 755 expedire

260 776 374 842 studet.

367 884 451 970 Opp.
475 907 505 949 v.
530 886 592 949 376
617 883 771 969 (Goettl.):

416 991 608 1081 μουνογενὴς
630 992 666 1059 δὲ
690 991 773 1072 πάις
795 986 884 1059 οἶκον
906 991 1072 1080 πατρώιον
1095 988 1144 1082 εἴη

418 1098 576 1189 φερβέμεν

259 1207 290 1268 in
314 1204 432 1269 scholio
460 1204 499 1269 ad
522 1205 552 1270 h.
575 1229 605 1271 v.
629 1203 729 1269 dicit3
763 1205 887 1270 suaderi
917 1211 954 1269 ut
985 1228 1065 1269 unus
1096 1204 1178 1268 fflius
1210 1227 1249 1269 ex
1280 1203 1424 1289 pluribus

258 1311 393 1376 fortasse
416 1311 507 1376 heres
523 1315 744 1392 constituatur;
767 1335 829 1398 qua
851 1312 1106 1399 interpretatione
1129 1311 1238 1398 procul
1259 1310 1370 1376 habita
1386 1310 1425 1374 de

258 1417 327 1482 frat.
350 1441 400 1482 am
423 1441 489 1505 cap.
514 1421 558 1483 64
580 1418 757 1483 Hesiodum
782 1420 947 1505 vituperat,
970 1418 1055 1504 quod
1082 1419 1208 1483 unicum
1230 1418 1338 1498 filium,
1361 1440 1425 1482 non

258 1525 363 1610 plures
386 1526 543 1610 procreari
564 1526 678 1590 iubeat

364 1632 454 1697 Haeo
486 1632 644 1696 sufficiant
677 1633 836 1719 exempla,
868 1633 1051 1718 quibuscum
1090 1632 1185 1697 ceteri
1223 1632 1277 1717 qui
1308 1631 1426 1696 adduci

259 1749 392 1825 possunt
422 1740 546 1825 generis
578 1737 718 1804 eiusdem
749 1741 810 1804 loci
842 1740 936 1803 etiam
967 1740 1027 1804 hoc
1054 1762 1217 1804 commune
1239 1739 1357 1803 hahent
1390 1749 1427 1802 ut

259 1855 360 1909 utram
388 1847 676 1933 interpretationem
699 1847 887 1912 Plutarchus
914 1855 1013 1911 ratam
1037 1868 1106 1911 esse
1130 1847 1207 1911 velit
1233 1868 1363 1932 prorsus
1393 1847 1427 1910 in

259 1952 378 2017 incerto
400 1954 585 2039 relinquant.

365 2061 478 2124 Artem
501 2083 576 2125 vero
599 2061 737 2125 criticam
760 2061 884 2146 qualem
898 2060 1084 2125 Plutarchus
1101 2062 1240 2125 exercuit
1254 2060 1306 2125 vel
1322 2060 1428 2126 obiter

259 2166 469 2230 consideranti
492 2167 552 2232 hoc
576 2168 682 2232 statim
704 2167 944 2253 persuadebitur
964 2191 1004 2232 ex
1025 2176 1114 2253 parte
1130 2189 1198 2232 eam
1220 2167 1306 2232 nullo
1330 2167 1428 2233 modo

258 2273 451 2358 probandam
475 2296 561 2355 esse3
591 2282 679 2338 tanta
700 2274 826 2339 licentia
848 2282 880 2339 et
906 2272 1082 2339 temeritate
1104 2277 1203 2339 utitur
1224 2275 1257 2337 in
1281 2275 1428 2340 versibus

259 2388 370 2465 poetae
399 2381 556 2446 eiciendis.
607 2381 699 2445 lllam
726 2390 829 2446 autem
857 2390 955 2446 artem
981 2404 1043 2467 qua
1069 2403 1165 2447 voces
1192 2391 1357 2467 corruptae
1388 2405 1428 2446 ex

260 2487 439 2552 coniectura
468 2488 673 2553 emendantur
701 2488 887 2553 Plutarchus
916 2511 980 2553 non
1009 2487 1135 2553 videtur
1163 2489 1339 2569 factitasse,
1369 2489 1428 2554 sed

258 2603 379 2658 tantum
402 2594 496 2659 modo
512 2618 622 2660 versus
645 2603 700 2659 aut
722 2618 740 2659 a
762 2604 856 2682 poeta
878 2595 1074 2660 abiudicasse
1090 2605 1144 2660 aut
1161 2603 1271 2660 contra
1293 2596 1427 2660 aliorum

259 2702 453 2787 suspiciones
480 2701 670 2767 defendisse.
715 2703 811 2781 Quod
847 2712 1011 2789 utrumque
1039 2703 1195 2788 quomodo
1218 2702 1318 2788 egerit
1345 2726 1427 2767 nunc

260 2808 432 2873 videamus.
477 2809 522 2873 Et
552 2812 719 2895 praecipua
750 2809 877 2894 quidem
909 2832 1004 2874 causa
1035 2809 1214 2895 suspicandi
1238 2817 1271 2873 et
1300 2809 1423 2875 delendi

259 2916 416 2980 oriebatur
438 2918 467 2980 ei
483 2939 524 2980 ex
546 2916 693 3002 opinione
716 2915 864 3001 quamde
888 2917 1033 3002 operibus
1056 2924 1220 3002 poetarum
1242 2939 1422 3003 praesump

260 3030 357 3103 serat,
384 3022 462 3086 nihil
491 3022 577 3087 aliud
600 3045 637 3087 ea
664 3031 805 3109 spectare
829 3046 921 3108 quam
943 3032 979 3088 ut
1000 3046 1104 3088 mores
1127 3023 1297 3108 legentium
1322 3046 1427 3089 emen-

259 3127 370 3194 darent
392 3138 425 3195 et
447 3130 639 3210 excolerent3
672 3131 723 3194 cui
753 3130 884 3194 consilio
914 3153 993 3217 quae
1021 3133 1053 3194 in
1076 3128 1212 3195 Hesiodi
1235 3130 1428 3196 carminibus

365 3399 374 3429 ¹
392 3398 441 3466 Μὴ
461 3399 596 3467 καθήσθω
615 3398 675 3458 τοὺς
692 3399 831 3458 πλουσίους
850 3398 1058 3467 ἐκπεπληγμένος
1080 3397 1126 3452 καί
1144 3398 1276 3466 τεθηπώς,
1302 3399 1429 3467 καθάπερ

258 3487 337 3541 ὤνιον
351 3487 432 3547 εὐθὺς
450 3489 576 3557 ἀργυρίου
595 3488 642 3557 τὴν
655 3488 750 3556 ἀρετὴν
764 3489 877 3556 ἔχοντας,
895 3489 1005 3556 μηδ’ἕπὶ
1024 3497 1056 3556 τῇ
1074 3489 1139 3557 τύχῃ
1159 3489 1264 3541 κεῖσθαι
1283 3487 1331 3556 τὴν
1344 3488 1430 3541 αὐτοῦ

258 3579 386 3646 φρόνησιν
400 3578 488 3639 αὔξειν
506 3578 524 3645 ἤ
542 3578 661 3630 κολούειν
679 3579 808 3645 νομίζων·
828 3578 885 3630 ἀλλ’
907 3578 961 3630 ἀντὶ
980 3579 1059 3645 δόξης
1078 3578 1095 3645 ἢ
1114 3578 1251 3645 δυνάμεως
1270 3577 1287 3645 ἢ
1303 3577 1427 3649 εὐτυχίας

258 3667 276 3734 ἤ
301 3688 367 3725 τινος
386 3668 478 3733 ὁμοίου
497 3675 529 3734 τῇ
548 3667 628 3734 ἀρετῇ
647 3668 794 3735 κεχρῆσθαι
814 3665 856 3719 τὸν
874 3666 983 3734 ποιητὴν
1001 3667 1126 3735 ἡγείσθω.

365 3756 436 3810 ²01.
455 3773 481 3825 p.
503 3758 544 3811 28.

366 3845 592 3916 ³OEpfflm

364 3935 430 3989 ⁴‘O
447 3935 476 3987 δὲ
491 3936 615 3994 Ἡσίοδος
634 3933 684 3987 οὐκ
703 3933 733 3986 εὖ
750 3940 874 4001 παραινεῖ
887 3942 1032 4002 μουνογενῆ
1049 3937 1129 3988 παῖδα
1148 3941 1201 3987 τῶν
1218 3935 1353 4002 πατρῴων
1371 3935 1427 3987 ἐπί-

258 4025 357 4093 κληρον
370 4023 443 4087 εἶναι,
457 4024 503 4078 καὶ
522 4032 600 4078 ταῦτα
619 4030 672 4076 τῶν
690 4029 798 4090 μουσῶν
812 4020 923 4090 γεγονὼς
940 4024 1072 4091 μαθητής,
1090 4025 1120 4083 ἃς
1134 4026 1200 4094 ὁμοῦ
1219 4025 1247 4078 δι’
1264 4025 1368 4078 εὔνοιαν
1387 4024 1429 4077 ἀεὶ

258 4113 303 4167 καὶ
323 4114 496 4183 φιλαδελφίαν
515 4114 594 4174 οὔσας
613 4113 697 4172 οὕτως
716 4111 853 4181 ὠνόμαζον
870 4112 979 4180 μούσας.
