3146 4832
663 252 702 316 27

96 447 192 512 Talia
215 447 297 511 enim
319 447 560 533 apophtegmatis
582 446 769 512 Plutarchus
796 447 828 511 in
851 446 972 513 deliciis
994 446 1143 529 habebat,
1165 470 1263 532 eaque

98 556 245 641 inprimis
267 553 436 636 Laconum,
458 554 547 620 velut
560 554 719 619 Laconem
734 554 859 619 induxit
874 554 945 620 virt
960 554 1029 619 doc.
1044 576 1129 640 poss.
1143 577 1212 640 cap.
1228 558 1262 620 2:

100 662 160 729 καί
176 656 193 730 ὁ
208 660 331 729 Λάκων
349 662 525 756 ἐρωτηθείς
541 662 575 730 τί
598 662 730 752 παρέχει
756 664 973 749 παιδαγωγῶν
995 655 1046 729 (τά
1062 655 1173 745 καλά’,
1190 659 1263 755 ἔφη,

100 763 180 850 (τοῖς
210 768 326 836 παισίν
352 762 433 857 ἡδέα
461 763 564 837 ποιῶ)
602 777 634 833 ct
661 767 701 833 de
728 768 798 833 frat
826 791 885 833 am.
912 790 978 855 cap.
1002 772 1038 835 8:
1078 763 1095 836 ὁ
1122 769 1183 854 μὲν
1210 761 1264 836 ούν

101 875 224 943 Λάκων
247 873 365 963 μικράν
392 882 526 962 γυναῖκα
552 874 656 966 γήμας
682 873 746 967 ἔφη
773 874 812 945 τά
840 873 987 959 ε’λάχιοτα
1010 878 1075 969 δεῖν
1098 874 1265 967 αἱρεῖσθαι

100 988 161 1049 τῶν
191 985 312 1050 κακῶν.
359 980 443 1047 Illud
477 1004 552 1047 vero
582 982 720 1048 Laconis
752 983 785 1046 in
817 982 935 1047 scholio
963 981 1082 1046 dictum
1104 1004 1174 1046 cum
1197 991 1263 1048 arte

97 1089 265 1154 cohaereat
297 1098 330 1154 et
361 1111 432 1154 cum
465 1089 628 1154 sententiis
660 1088 934 1154 antecedentibus:
976 1088 1099 1157 τούτων
1134 1086 1172 1157 τδ
1203 1090 1264 1175 μὲν

95 1189 239 1288 άβούτης
262 1188 400 1264 einos*
380 1224 418 1264 αν
450 1195 547 1264 αἰτῶν
578 1196 721 1282 βόας,ί
719 1225 736 1263 ν
770 1189 956 1326 άροτριάοη,
983 1201 1040 1263 τού
1066 1202 1181 1287 καιροῦ
1203 1224 1263 1265 κα-

95 1308 248 1383 λούντος
271 1331 309 1372 το
297 1298 396 1372 δὲ
380 1330 398 1371 ο
414 1296 562 1392 εἰπορῶν
583 1309 669 1391 βοῶν
685 1296 894 1392 ἀποκρίνοιτο
919 1294 966 1387 δν,
990 1297 1041 1372 δτι
1063 1303 1120 1371 καὶ
1134 1301 1165 1371 οῖ
1181 1297 1261 1393 παρ)

98 1404 190 1499 αύτῷ
214 1408 330 1497 βόες”
309 1435 385 1499 εργα
409 1409 517 1495 ἔχουσι
550 1411 607 1479 καί
634 1409 689 1478 διὰ
720 1413 814 1478 τούτο
842 1403 900 1479 ούκ
922 1402 961 1478 δν
984 1407 1168 1495 αἰτούμενος
1190 1411 1263 1505 δοίη

100 1525 134 1582 et
155 1540 226 1581 cum
249 1520 293 1582 eis
316 1540 395 1603 quae
418 1526 608 1604 sequuntur:
647 1519 703 1586 καί
730 1515 789 1607 γάρ
818 1518 874 1585 καί
896 1518 979 1644 περὶ
1006 1522 1070 1585 τῶν
1092 1519 1216 1604 βοῶν
1200 1525 1264 1610 ερεῖ

100 1618 218 1693 ταύτόν
241 1619 258 1692 ὁ
281 1620 479 1716 αἰτηθείς·
482 1625 510 1693 εἰ
524 1627 584 1711 μὲν
605 1623 650 1716 μη
673 1623 785 1713 καιρὸς
806 1629 863 1692 τού
885 1617 990 1713 άροῦν,
1014 1625 1070 1692 καί
1092 1625 1145 1693 οοί
1163 1616 1261 1717 άχρη-

102 1751 190 1800 οτοι·
213 1732 300 1800 εἰδὲ
323 1730 442 1821 καιρός,
470 1725 570 1817 κάμοὶ
597 1725 774 1823 χρήσιμοι,
803 1740 933 1818 utraque
960 1730 1129 1797 Plutarcho
1158 1731 1262 1797 danda

100 1838 247 1904 videntur
269 1861 347 1903 esse.

204 1947 317 2031 Neque
339 1946 442 2011 minus
464 1954 548 2011 recte
563 1946 716 2011 Heinsius
733 1945 827 2032 (apud
843 1944 953 2028 Gaias.)
974 1945 1262 2033 interpretationem

97 2053 186 2119 verbi
210 2052 310 2121 αἰνεῖν
332 2052 372 2118 ad
395 2076 425 2118 v.
448 2056 512 2119 640
536 2052 675 2137 (Gaias.):

258 2153 306 2249 νῆ’
331 2154 438 2252 ὀλίγην
460 2159 569 2244 αἰνεῖν,
592 2159 712 2251 μεγάλη
734 2156 762 2228 δ
780 2160 829 2228 ε’νί
851 2158 968 2250 φορτία
991 2159 1118 2228 θέσθαι

95 2267 289 2353 adscriptam
346 2266 446 2335 αἰνεῖν
479 2267 516 2335 δέ
547 2294 631 2347 τινες
657 2273 898 2355 παραιτεῖσθαι
926 2266 1122 2357 παρέλαβον,
1153 2262 1262 2359 ῶσπερ

97 2370 249 2465 (ἐπαίνην
277 2368 527 2466 Περοεφόνειαν’
557 2372 726 2439 Plutarcho
756 2373 866 2438 tribuit
894 2374 964 2439 loco
997 2373 1089 2438 simili
1121 2374 1262 2440 adhibito

101 2482 156 2565 qui
179 2490 227 2545 est
248 2480 287 2546 de
310 2480 381 2546 aud.
403 2489 487 2568 poet.
510 2504 576 2567 cap.
596 2484 634 2546 6:
658 2487 703 2570 τῷ
724 2481 784 2566 μὲν
807 2477 866 2572 γὰρ
889 2480 987 2549 αἰνεῖν
1010 2479 1202 2572 σημαίνεται
1223 2481 1261 2552 τδ

101 2590 244 2656 ἐπαινεῖν
284 2588 359 2672 (scil.
382 2589 414 2652 in
441 2588 502 2653 hoc
523 2589 593 2675 ipso
616 2593 738 2671 versu)·
770 2580 859 2676 αύτῷ
881 2588 917 2655 δὲ
942 2590 988 2676 τῶ
1016 2588 1163 2657 ἐπαινεῖν
1191 2582 1263 2657 άντί

99 2698 155 2763 τού
177 2702 416 2784 παραιτεῖσθαι
439 2699 492 2763 νῖν
514 2697 664 2786 κέχρηται
783 2688 866 2762 οῖτω
898 2694 934 2762 δὲ
961 2695 1019 2762 καί
1044 2692 1100 2784 τὴν
1126 2694 1264 2786 ἐπαινὴν

95 2802 338 2893 Περσεφόνειαν
360 2800 443 2871 ἔνιοί
465 2826 565 2893 φασιν
588 2797 632 2883 ῶς
654 2799 857 2892 παραιτητὴν
879 2800 1042 2892 εἰρῆσθαι.

204 2908 288 2973 Tum
303 2908 468 2973 Scheerius
491 2909 521 2991 (1.
536 2909 558 2974 l.
572 2932 603 2995 p.
620 2912 672 2991 14)
695 2907 917 2973 Plutarcheum
940 2929 1009 2973 esse
1032 2908 1150 2973 iudicat
1172 2909 1263 2974 scho-

96 3017 175 3080 lium
197 3038 310 3081 versus
334 3018 398 3081 263
421 3014 560 3099 (Gaisf.):

258 3121 295 3191 οἳ
313 3116 401 3212 αύτῷ
425 3120 510 3190 κακά
532 3121 633 3207 τεύχει
656 3116 734 3213 άνὴρ
758 3113 845 3210 άλλη)
868 3119 954 3189 κακά
976 3117 1104 3206 τεύχων.

102 3228 275 3314 δαιμονίως
317 3222 533 3358 άνεφθέγξατρ
575 3235 675 3298 ταῦτα
712 3256 753 3296 τα
791 3227 859 3318 ἔπη
900 3229 957 3296 καί
994 3236 1261 3319 οωφρονιοτικως.

101 3334 130 3404 εἰ
152 3334 210 3425 γάρ
232 3335 427 3427 εἰδείημεν
415 3363 546 3417 εαοτους
569 3334 702 3423 μείζονα
727 3334 912 3422 βλάψαντες
935 3336 969 3418 ἐξ
987 3324 1031 3402 ῶν
1051 3328 1166 3462 άλλρνς
1180 3334 1261 3466 βλά-

97 3469 195 3511 πτειν
217 3445 448 3533 ἒπιχειρούμεν,
472 3439 662 3533 ἀφεξόμεθα
685 3469 742 3510 τοο
725 3440 922 3528 βλάπτειν
964 3434 1067 3522 ούδείς
1093 3440 1152 3533 γὰρ
1181 3441 1263 3512 ἓκοίν

95 3544 137 3618 dv
169 3548 285 3619 ἑαυτὸν
315 3549 482 3638 βλάψειε·
511 3544 593 3617 άλλοί
624 3543 666 3618 δι)
697 3541 827 3637 άγνοιαν
858 3543 1063 3634 άλισκόμεθα
1093 3554 1140 3638 τῷ
1171 3555 1264 3639 κακηῖ

92 3657 201 3746 τούτῳ
229 3657 286 3725 καί
314 3655 454 3742 οἰόμενοι
486 3649 624 3747 ῶφελεῖν
655 3652 788 3737 ἑαυτούς
813 3646 1034 3742 βλαπτόμεθα
1061 3649 1113 3745 ὑφ’
1142 3654 1264 3724 ἑαυτῶν

93 3766 153 3833 καί
177 3762 281 3850 μείζω
303 3767 350 3852 τηῖ
372 3760 530 3850 βλάπτειν
553 3755 670 3844 άλλοός
688 3761 821 3843 ἑαυτούς
834 3761 1039 3849 βλάπτομεν·
1055 3761 1102 3843 εἰς
1116 3762 1262 3854 χρήματα

92 3873 156 3958 μὲν
181 3867 251 3959 γάρ,
280 3867 432 3954 εἰτύχοι,
457 3872 629 3961 ζημιούμεν
658 3869 807 3953 ἐκείνους,
838 3863 922 3958 ἡμᾶς
952 3870 987 3937 δὲ
1016 3861 1130 3949 αύτούς
1157 3868 1204 3950 εἰς
1225 3867 1262 3938 τὸ

92 3971 304 4070 καριιότατον,
326 3975 383 4068 την
407 3976 532 4067 φιχήν·
556 3975 593 4046 τὸ
624 3975 682 4067 γάρ
705 3969 836 4044 άδικοῖν
858 3969 937 4067 αύτή
960 3976 1057 4060 εὀτιν,
1081 3970 1099 4045 δ
1122 3977 1158 4044 δὲ
1181 3979 1262 4062 βλα-

92 4084 259 4175 πτόμενος
281 4085 314 4153 ἐν
335 4091 404 4167 τοῖς
418 4082 509 4165 ἐκτὸς
525 4076 693 4154 άδικεῖται.
716 4082 848 4166 εἰκότως
868 4078 929 4176 ύρα
944 4084 1042 4177 φησίν
1058 4081 1160 4174 incepi
1177 4081 1262 4155 κακά
