3146 4832
689 255 731 321 23

124 478 178 535 σις
202 445 285 522 εἶναι
307 450 389 533 κατὰ
411 449 517 542 φύσιν,
542 444 586 533 ῶς
608 444 854 542 όΠλούταρχος.
884 453 987 520 δεῖται
1009 450 1069 540 γὰρ
1095 448 1134 521 τδ
1157 451 1191 519 έν
1214 446 1290 543 ἡμῖν

125 558 261 650 θερμόν,
284 562 337 626 ἳνα
358 558 447 650 μένῃ,
471 562 529 648 τῆς
551 556 673 642 ἔξωθεν
695 561 825 650 τροφῆς,
848 549 887 648 ἣν
909 554 947 626 ori
970 557 1139 643 δεχόμενον
1156 561 1292 650 δαπανᾷ

128 668 165 736 τδ
194 672 284 752 σῶμα
313 666 371 733 καὶ
399 660 497 734 α’ἀτοῶ
524 693 555 733 τι
584 660 748 756 ἀποσπᾷ·
777 660 817 733 δι’
848 661 1023 733 ἀσθένειαν
1052 667 1088 734 δέ
1117 660 1292 734 ἀδυνατοῦν

130 771 302 842 ἀλλοιῶσαι
325 772 363 842 τδ
389 768 631 860 ἀποσπώμενον
655 764 806 841 ἀπεπτον
827 763 864 840 ἀν
895 768 1028 865 ἀφίησι·
1052 773 1109 839 καὶ
1132 768 1210 840 αὐτὸ
1232 774 1291 859 μέν

127 881 169 949 τὰ
190 881 275 966 μέσα
298 881 356 948 καὶ
388 877 430 948 τὰ
462 874 528 947 ἀνω
559 878 712 948 λεπτύνει
742 881 800 948 τοῶ
824 878 983 966 σώματος,Ι
1011 880 1045 948 έν
1076 873 1125 960 οἷς
1156 881 1223 947 ἐστι
1253 880 1291 948 τδ

125 991 257 1056 πλεῖον·
282 989 385 1056 έκεῖνο
417 983 445 1054 δ’
471 981 535 1077 ἀρα
566 984 601 1056 τὸ
635 978 789 1055 ἀπεπτον
821 985 866 1066 εἰς
891 985 929 1053 τδ
958 984 1047 1053 κώτω
1075 986 1206 1078 φέρεται
1234 986 1291 1054 καὶ

124 1087 208 1163 οῶτω
232 1095 273 1184 δὴ
295 1092 431 1178 παχύνει
452 1093 529 1174 τούς
550 1092 667 1175 πόδας.
776 1119 782 1135 ·

232 1201 340 1285 Atque
363 1207 485 1265 tuntum
508 1199 634 1286 quidem
649 1199 689 1265 de
704 1199 863 1264 Plutarchi
879 1200 1093 1264 commentarii
1107 1200 1291 1286 fragmentis

123 1310 158 1372 in
181 1306 322 1373 editione
343 1306 517 1372 Didotiana
539 1307 692 1387 collectis3
715 1328 798 1370 nunc
820 1306 966 1392 reliquias
982 1307 1058 1371 alias
1074 1308 1113 1371 ab
1129 1308 1198 1372 aliis
1214 1308 1290 1372 viris

126 1413 231 1479 doctis
253 1413 429 1500 exploratas
451 1423 485 1479 ct
505 1414 558 1479 hic
579 1413 644 1479 illic
658 1413 795 1500 prolatas
811 1414 844 1477 in
859 1412 1118 1499 disceptationem
1136 1436 1291 1480 vocemus.

235 1520 496 1606 Wyttenbachius
523 1521 618 1607 igitur
644 1529 768 1607 praeter
794 1543 932 1607 eaquae
954 1521 988 1585 in
1010 1520 1180 1587 editionem
1203 1544 1292 1586 suam

128 1627 247 1713 recepit
267 1628 441 1713 fragments
463 1629 496 1692 in
519 1628 638 1693 scholio
664 1627 706 1692 ad
728 1649 854 1694 versum
883 1649 976 1713 quem
1006 1627 1206 1694 Gaisfcrdius
1234 1651 1291 1692 nu·

129 1742 228 1799 meret
251 1737 311 1801 121
337 1738 412 1818 (122
436 1734 584 1818 Goettl.):

285 1842 336 1910 τοὶ
357 1843 418 1928 μέν
441 1840 593 1929 δαίμονές
614 1841 675 1911 εἰσι
698 1841 777 1922 Διός
798 1836 936 1930 μεγύλοο
960 1840 1016 1910 διὰ
1030 1842 1149 1930 βουλάς

127 1948 286 2036 adscripto
303 1943 550 2041 νειδοὍμηρος
572 1950 609 2018 δὲ
632 1947 789 2036 δαίμονας
810 1946 884 2029 τοὺς
906 1944 1106 2041 ἀνθρώπους
1128 1946 1165 2018 οὗ
1189 1951 1290 2034 καλεῖ,

125 2052 209 2125 ἀλλά
231 2055 305 2137 τούς
326 2056 434 2138 θεούς.
463 2053 611 2137 Ἡσίοδος
633 2052 689 2124 δ’1
715 2055 761 2137 εἰς
782 2057 922 2146 τέσσαρα
945 2059 1064 2146 διαιρεῖ
1085 2057 1141 2146 τὴν
1163 2056 1291 2149 λογικὴν

123 2165 238 2232 πᾶσαν
260 2163 364 2255 φύσιν,
387 2161 444 2256 τὴν
466 2165 524 2250 μέν
539 2160 672 2257 πρώτην
687 2167 786 2247 θεῶν,
817 2163 874 2256 τὴν
890 2164 927 2231 δὲ
946 2164 1096 2253 δευτέραν
1119 2162 1289 2250 δαιμόνων,

124 2268 182 2360 τὴν
210 2272 245 2338 δὲ
270 2269 378 2363 τρίτην
409 2267 522 2363 ἡρώων
553 2271 611 2338 καὶ
636 2270 694 2361 τὴν
726 2269 875 2364 τετάρτην
897 2266 1083 2361 ἀνθρώπιον
1105 2271 1292 2336 Plutarohea

128 2398 200 2440 esse
222 2375 346 2442 iudicat
391 2377 500 2457 Recte,
523 2379 648 2463 opinor3
670 2399 743 2442 nam
765 2399 893 2464 compar
916 2385 965 2442 est
984 2400 1078 2462 quem
1097 2376 1189 2442 affert
1203 2378 1290 2443 locus

37 2517 45 2533 ·
130 2482 527 2570 dedetorao.oap.10:
564 2479 710 2566 Ἡσίοδος
737 2485 773 2553 δὲ
799 2487 957 2574 καθαρῶς
987 2484 1044 2551 καὶ
1076 2486 1305 2576 διωρισμένως

128 2592 260 2681 πρῶτος
280 2589 415 2684 ἐξέθηκε
430 2593 495 2659 τῶν
509 2594 645 2678 λογικῶν
659 2591 799 2681 τέσσαρα
814 2591 895 2682 γένη,
917 2589 1026 2676 θεούς,
1050 2586 1121 2659 εἶτα
1136 2592 1292 2679 δαίμονας

125 2698 269 2778 πολλοὺς
290 2694 467 2786 κάγαθούς,
491 2693 562 2766 εἶτα
584 2692 699 2789 ἥρωας,
724 2692 795 2766 εἶτα
819 2693 1027 2785 ἀνθρώπους.

232 2804 358 2869 Deinde
381 2804 641 2870 considerandum
664 2813 714 2870 est
736 2804 887 2870 scholium
910 2803 951 2870 ad
974 2829 1003 2871 v.
1021 2809 1084 2872 334
1108 2804 1245 2890 (Gaisf.):

286 2912 348 2981 κὰδ
371 2909 505 2998 δύναμιν
528 2908 556 2979 δ’
582 2910 684 3003 ἔρδειν
706 2908 762 3003 ἱέρ’
789 2908 986 2980 ἀθανάτοισι
1009 2919 1137 2981 θεοῖσιν

125 3017 319 3099 adnotatum,
342 3018 440 3104 quod,
462 3026 498 3082 ut
520 3026 569 3083 est
595 3019 765 3105 prolixum,
792 3019 1009 3084 exscribimus:
1047 3018 1083 3088 cd
1106 3021 1167 3105 μέν
1189 3019 1290 3105 θύειν,

127 3119 212 3217 ὅπερ
235 3124 445 3195 εἰώθασινοὶ
470 3124 615 3217 νεώτεροι
637 3126 754 3214 λέγειν,
783 3124 887 3216 ἔρδειν
909 3119 1075 3213 ῶνόμαζον
1097 3126 1127 3195 oi
1150 3129 1292 3196 παλαιοὶ

128 3233 186 3301 καὶ
214 3235 322 3322 ῥέζειν.
352 3232 389 3303 τὸ
422 3229 450 3301 δ’
484 3226 694 3323 ἀπέρχεσθαι
725 3235 789 3300 τῶν
821 3232 992 3321 παρόντων
1024 3234 1080 3301 διὰ
1111 3237 1166 3302 τοῶ
1197 3234 1291 3303 θύειν

128 3338 340 3431 ἕδήλοονκαὶ
361 3338 487 3434 θυηλὰς
509 3340 566 3421 τὰς
588 3336 741 3432 ἀπαρχὰς
763 3333 905 3409 έκάλοον.

248 3482 254 3487 ’
286 3444 304 3516 δ
328 3444 356 3515 δ
381 3448 415 3516 έν
433 3448 516 3537 πυρὶ
538 3446 638 3535 βάλλε
660 3446 795 3540 θυηλὰς,

123 3555 225 3649 φησὶν
242 3549 393 3647 (Όμηρος.
418 3550 609 3646 ἀμφοτέρων
632 3543 687 3623 οὖν
706 3548 723 3622 δ
738 3549 883 3635 Ἡσίοδος
898 3547 1021 3625 κελεύει
1035 3557 1184 3646 λιπαρῶς
1199 3552 1291 3627 ἀντέ·

121 3669 254 3748 χεσθαι,
277 3662 362 3729 κατὰ
377 3660 510 3748 δύναμίν
525 3690 559 3730 τε
575 3660 646 3753 ἱερὰ
668 3663 818 3751 ῥέζοντας
832 3658 889 3753 ἀφ)
908 3653 952 3730 ῶν
968 3657 1169 3753 εὐποροῦμεν
1189 3661 1293 3752 ἁγνῶς

122 3771 183 3838 καὶ
207 3773 363 3860 καθαρῶς
388 3770 445 3837 καὶ
476 3769 573 3838 θύεσι
595 3770 653 3837 καὶ
676 3771 834 3850 σπονδαῖς
856 3764 1083 3857 ἱλασκομένοος
1104 3769 1178 3853 τοὺς
1192 3773 1293 3853 θεούς

235 4020 245 4050 ¹
263 4019 310 4074 Ita
327 4016 558 4089 wyttenbachius
577 4018 715 4073 verissime
734 4017 849 4074 coniecit
867 4034 917 4090 pro
936 4018 1020 4079 οὕτως
1039 4019 1075 4074 δὲ.
1107 4021 1149 4077 Of.
1169 4020 1291 4077 animad-

121 4110 263 4169 versiones
283 4110 311 4164 in
330 4109 470 4165 Plutarchi
489 4124 572 4180 opero
589 4109 712 4178 moralis,
729 4115 795 4163 tom.
815 4112 832 4163 3
850 4128 877 4181 p.
897 4110 956 4164 225.
