3146 4832
816 204 836 265 8

245 399 383 463 omnium
414 404 522 462 contra
549 397 641 462 lunae
673 404 764 462 aucta
794 404 889 484 atque
920 396 1034 475 damna
1065 397 1150 462 vices
1182 394 1342 461 minuendi
1370 399 1404 456 et

243 505 378 592 augendi
399 505 496 570 habet
517 497 705 570 contrarias.³
744 504 842 583 Quod
863 505 1000 591 pertinet
1021 505 1131 591 procul
1153 503 1249 569 dubio
1272 502 1313 567 ad
1332 524 1402 587 opp.
1510 588 1519 603 ο

244 636 274 678 v.
300 615 361 678 780
385 634 468 699 sqq.:

352 717 450 811 μηνὸς
472 710 505 786 d'
529 716 702 804 ἱσταμένου
725 717 991 810 τρισκαιδεκάτην
1014 712 1180 787 ἀλέασθαι

351 826 537 916 σπέρματος
560 819 724 915 ὅρξασθαι
747 847 754 859 ·
778 824 864 916 φυτὰ
888 819 920 893 d'
945 826 1177 915 ἐνθρέψασθαι
1201 818 1319 916 ἀρίστη,

351 934 428 1024 ἕκτη
451 926 484 1000 d’
509 927 529 1024 ἡ
551 932 655 1024 μέσση
677 924 752 1018 μαλ’
777 926 965 1025 ἀσύμφορός
988 934 1055 1001 ἐστι
1077 939 1216 1024 pascici.
1386 1008 1389 1013 ,

245 1040 386 1109 Videtur
407 1039 503 1124 igitur
526 1039 767 1104 commentarius
790 1063 883 1126 quem
905 1041 938 1104 in
961 1062 1056 1126 opera
1078 1047 1110 1104 et
1132 1039 1200 1104 dies
1222 1037 1406 1103 Plutarchus

246 1147 372 1234 scripsit
395 1154 542 1232 quattuor
563 1146 651 1211 libris
674 1148 865 1233 compositus
890 1170 968 1228 esse,
990 1169 1060 1211 oum
1083 1148 1138 1232 qui
1160 1146 1233 1210 inde
1256 1168 1324 1210 av.
1342 1148 1405 1209 780

246 1277 356 1320 versus
379 1262 499 1319 restant
520 1243 684 1340 pauciores
707 1254 770 1318 sint
792 1256 884 1339 quam
908 1276 1038 1340 quorum
1060 1254 1160 1339 gratia
1181 1254 1260 1319 liber
1281 1254 1407 1339 quintus

244 1361 370 1426 additus
393 1362 461 1427 sit1.
584 1413 586 1417 .

350 1469 463 1554 Itaque
493 1492 621 1555 operum
651 1476 684 1533 et
713 1467 834 1533 dierum
868 1469 1108 1535 commentarius
1137 1468 1296 1533 Plutarchi
1329 1466 1408 1531 nihil

246 1576 342 1641 habet
364 1575 567 1641 dubitationis
573 1600 582 1657 3
609 1578 746 1640 incertus
770 1576 971 1642 vehementer
998 1585 1047 1642 est
1073 1578 1311 1641 commentarius
1339 1574 1408 1639 the-

247 1684 391 1770 ogoniae,
419 1684 506 1747 cuius
533 1705 626 1747 nemo
653 1682 729 1747 dum
756 1683 854 1748 ullum
880 1683 1030 1748 indicium
1052 1683 1241 1770 exploravit.
1286 1683 1334 1748 Ac
1356 1683 1408 1748 vel

247 1791 325 1856 haec
355 1813 406 1855 res
438 1790 572 1876 aliquam
605 1788 644 1854 de
676 1790 737 1855 hoc
769 1791 992 1859 commentario
1024 1790 1251 1856 dubitationem
1282 1811 1407 1856 movere

246 1897 341 1963 debet
368 1897 452 1983 quod
479 1896 679 1978 Plutarchus,
711 1905 747 1961 ut
777 1921 872 1983 supra
896 1897 1048 1979 vidimus,
1079 1901 1112 1962 in
1141 1898 1307 1984 theogonia
1337 1920 1408 1983 per-

247 2003 407 2070 noscenda
428 2005 527 2068 multo
549 2003 652 2068 minus
676 2027 769 2089 quam
791 2005 824 2068 in
848 2005 994 2091 operibus
1017 2014 1050 2070 et
1065 2005 1176 2070 diebus
1192 2012 1332 2070 versatus
1351 2012 1408 2068 est

247 2110 383 2176 Accedit
406 2110 491 2196 quod
513 2112 546 2174 in
569 2110 695 2175 scholiis
718 2110 903 2196 theogoniae
926 2134 1079 2197 nusquam
1093 2111 1253 2176 Plutarchi
1276 2111 1409 2175 nominis

247 2219 364 2283 mentio
387 2218 423 2282 fit
445 2225 478 2282 et
500 2240 537 2281 ea
558 2218 731 2303 perlegenti
754 2219 891 2303 suspicio
917 2219 1075 2283 rarissime
1099 2219 1239 2286 oboritur
1260 2218 1335 2283 haec
1357 2218 1410 2282 vel

247 2326 302 2390 illa
324 2347 394 2390 esse
416 2324 611 2390 Plutarchea.
657 2323 721 2389 Sed
750 2326 872 2391 etiamsi
894 2349 952 2412 pro
977 2335 1063 2391 certo
1086 2326 1233 2390 affirmari
1255 2327 1356 2412 possit
1376 2327 1410 2388 in

247 2432 434 2518 theogoniae
457 2431 585 2496 scholiis
607 2431 686 2495 nihil
708 2432 811 2497 inesse
834 2433 919 2517 quod
941 2433 1005 2497 ullo
1027 2432 1122 2497 modo
1145 2432 1186 2496 ad
1208 2430 1410 2497 Plutarchum

248 2540 413 2626 pertineat,
436 2561 475 2603 ne
498 2546 566 2602 tum
588 2538 714 2623 quidem
737 2539 846 2604 licebit
868 2539 984 2620 dicere,
1011 2542 1085 2624 quia
1107 2542 1297 2626 compositor
1319 2538 1411 2603 scho-

249 2648 362 2711 liorum
384 2645 544 2710 Plutarchi
567 2646 831 2726 commentarium,
861 2647 888 2711 si
910 2646 964 2731 qui
986 2646 1109 2727 fuisset,
1131 2646 1216 2710 haud
1239 2646 1332 2711 dubie
1355 2643 1411 2708 ad-

249 2753 404 2818 hibiturus
436 2752 545 2833 fuerit,
577 2753 833 2817 commentarium
864 2755 897 2817 in
926 2752 1125 2839 theogoniam
1154 2776 1218 2817 non
1248 2754 1411 2838 scripsisse

248 2860 460 2924 Plutarchum.
505 2859 571 2937 Qui
594 2861 677 2924 enim
698 2859 800 2945 prima
826 2860 858 2923 in
886 2859 1084 2946 theogoniam
1114 2860 1232 2925 scholia
1254 2859 1412 2945 congessit

248 2970 331 3032 inter
353 2974 489 3032 aetatem
512 2967 707 3052 Augusteam
730 2974 763 3031 et
784 2966 861 3031 illud
884 2975 1008 3054 tempus
1031 2989 1093 3053 quo
1116 2968 1304 3054 Apollonius
1326 2966 1413 3052 Dys-

249 3075 336 3139 colus
363 3074 445 3140 vixit
471 3074 690 3159 grammaticus
721 3074 806 3158 (lue.
833 3075 934 3160 primo
962 3076 1086 3139 saeculo
1113 3099 1143 3162 p.
1167 3074 1240 3140 Chr.
1262 3079 1302 3159 n.)
1333 3096 1412 3160 opus

249 3205 340 3246 suum
363 3182 557 3268 conscripsit,
579 3182 613 3246 id
636 3180 721 3267 quod
743 3180 915 3246 Flachius2
933 3182 1135 3268 probabiliter
1149 3182 1265 3249 docuit.
1304 3182 1414 3245 Potuit

249 3290 345 3375 igitur
366 3288 431 3369 hic,
458 3297 625 3374 antequam
651 3288 839 3353 Plutarchus
866 3292 1122 3354 commentarium
1140 3312 1230 3353 suum
1253 3289 1413 3369 scriberet,

251 3418 437 3483 componere
461 3396 592 3476 soholia;
622 3418 756 3481 cumque
778 3396 890 3460 horum
913 3418 1037 3482 quoque
1065 3396 1253 3461 scholiorum
1280 3418 1348 3461 sors
1376 3418 1417 3460 ea

249 3504 344 3568 fuerit
365 3512 401 3568 ut
422 3504 454 3567 in
478 3503 608 3568 brevius
636 3502 892 3567 contraherentur
914 3504 1019 3589 potius
1050 3505 1161 3568 iterum
1185 3512 1278 3589 atque
1300 3504 1413 3567 iterum

249 3634 342 3697 quam
357 3618 545 3696 augerentur
559 3609 780 3675 additamentis
796 3608 921 3675 aliunde
937 3611 1054 3696 petitis,
1076 3611 1143 3675 fieri
1164 3611 1305 3696 potuisse
1320 3632 1413 3675 nemo

357 3879 427 3934 1Of.
448 3878 557 3946 Scheer,
580 3879 614 3933 de
639 3878 781 3933 Plutarchi
804 3879 999 3933 commentario
1017 3879 1046 3933 in
1065 3878 1182 3934 Hesiodi
1200 3896 1283 3951 opera
1301 3883 1327 3932 et
1346 3878 1412 3933 dies.

249 3970 343 4041 Progr.
363 3968 528 4039 Rendshurg
548 3969 616 4024 1870
634 3986 661 4040 p
682 3970 705 4021 1.

356 4059 366 4091 ²
385 4059 427 4116 Of.
446 4057 464 4113 l.
483 4057 501 4112 l.
520 4076 546 4133 p.
568 4059 609 4113 32.
