3146 4832
759 210 970 307 ...32-

283 404 319 470 δὲ
340 398 490 491 γινώσκει
516 400 553 472 τὸ
584 410 678 472 θεῖον
706 398 752 484 αῖς
777 409 846 485 τοῖς
872 397 987 496 ἥδεσιν
1012 397 1120 472 αὐτῶν
1141 402 1314 495 ἐμπέφυκέ
1335 430 1367 471 τι
1387 404 1452 493 τῆς

283 503 397 577 ἀδίκου
418 515 482 577 ταῖν
503 502 717 602 γεννησάντων
740 511 969 601 προαιρέσεως,
991 503 1052 580 adv
1068 505 1152 602 ἡμᾶς
1168 508 1367 594 invidemus,
1391 510 1453 578 καῖ

282 616 411 697 εἰκότως
436 615 553 710 ταύτην
585 618 618 685 ἓν
650 614 758 699 αὐτοῖς
790 613 923 707 δρῶντες
952 618 1012 709 τὴν
1043 616 1134 704 ’ῥίζαν
1165 614 1365 687 ἐκκόπτουσι
1392 614 1453 685 διὰ

281 727 345 792 τῶν
366 729 528 813 τιμωριῶν
549 725 684 793 καὶτοῦ
704 722 750 816 μὴ
772 723 936 817 ἐνεργῆσαι
963 724 1146 809 κωλύουσιν,
1170 718 1214 807 αῖς
1236 723 1339 814 ἰατροὶ
1362 746 1453 814 προ-

282 830 495 919 καδαῖροντες
524 831 613 913 τινὰς
644 818 689 899 διν
720 826 899 923 ὑφορῶνται
934 831 1053 914 νόσους.
1111 831 1185 896 Ηοο
1221 831 1305 895 enim
1339 837 1453 917 partos

282 938 415 1003 maiores
439 938 709 1003 commentationis
732 938 772 1003 de
795 960 866 1004 sera
891 938 1028 1004 numinis
1050 937 1192 1004 vindicta
1217 936 1308 1024 qimai
1335 937 1370 1001 in
1393 960 1454 1003 an·

281 1051 408 1130 gustum
435 1052 559 1110 coactas
590 1045 727 1131 praebet.
772 1047 879 1132 Atque
909 1045 1006 1112 verba
1036 1043 1077 1114 τὰ
1108 1046 1168 1134 γὰρ
1197 1049 1263 1113 ταῖν
1294 1044 1453 1136 πατέρων

282 1180 311 1220 κ.
332 1179 361 1219 τ.
381 1154 410 1219 t.
437 1151 668 1237 quodammodo
697 1152 838 1218 referunt
867 1174 947 1238 quae
969 1152 1084 1217 Timon
1113 1159 1222 1216 canna
1244 1151 1454 1217 Plutarchum

282 1257 442 1323 dictitarat
462 1260 555 1325 nimis
578 1260 693 1325 iniuste
715 1260 782 1326 fieri
813 1264 889 1346 (cap.
914 1262 975 1343 12).
1019 1258 1070 1324 Fa
1095 1259 1283 1324 Plutarchus
1309 1257 1454 1324 refotam

282 1372 413 1430 conatur
434 1366 578 1453 exemplo
608 1365 779 1431 amcdicis
806 1368 922 1452 petito,
951 1366 1007 1452 qui
1037 1388 1117 1452 quos
1148 1365 1266 1431 morbis
1292 1365 1451 1431 obnoxios

282 1494 352 1537 csse
375 1472 505 1538 videant
527 1480 613 1538 certo
635 1472 766 1539 vivendi
788 1472 883 1538 modo
906 1474 1055 1559 tenuique
1079 1474 1165 1539 victu
1188 1472 1336 1538 studeant
1357 1495 1452 1560 prae-

282 1581 402 1645 munire
425 1583 502 1666 (cap.
527 1584 594 1665 19);
623 1580 752 1646 easdem
783 1583 867 1645 enim
898 1588 1002 1667 partes
1032 1579 1130 1646 deum
1160 1602 1252 1666 agere
1280 1580 1313 1645 in
1339 1579 1450 1646 liberis

282 1686 433 1751 maiorum
454 1687 645 1773 castigandis
660 1687 898 1774 puniendisque,
921 1710 1054 1774 quorum
1068 1688 1193 1774 ingenia
1207 1685 1366 1774 quomodo
1385 1687 1451 1752 sint

282 1803 461 1880 comparata
491 1817 571 1859 unus
604 1795 742 1860 omnium
774 1796 891 1882 optimc
922 1795 1093 1881 perspiciat
1122 1800 1201 1881 (cap.
1224 1796 1286 1877 20).
1341 1795 1449 1880 Atque

282 1900 342 1965 hoc
365 1901 493 1986 quidem
519 1895 621 1988 priore
648 1910 737 1988 parte
764 1903 915 1989 postremi
942 1902 1095 1966 enuntiati
1116 1901 1201 1988 quod
1224 1909 1275 1966 est
1300 1901 1333 1965 in
1356 1900 1448 1967 scho-

282 2008 339 2087 lio,
369 2006 447 2072 illud
478 2017 568 2095 parte
604 1996 772 2095 exponitur
802 2011 984 2095 posteriore.
1037 2008 1205 2074 Praeterea
1236 2030 1299 2074 vox
1331 2002 1447 2099 ἤθεσιν
1530 2036 1532 2079 t

282 2114 442 2178 Plutarchi
475 2114 630 2180 recordari
663 2116 766 2201 cogit,
802 2138 882 2200 quae
917 2137 980 2179 non
1013 2114 1081 2180 sinc
1114 2137 1207 2180 cama
1240 2115 1346 2201 posita
1377 2137 1442 2181 essa
1532 2116 1533 2121 ’

283 2220 409 2286 videtur
430 2221 484 2287 ubi
511 2220 551 2287 dc
577 2222 738 2286 hominum
764 2221 898 2307 ingeniis
919 2220 1079 2286 mutandis
1101 2220 1356 2308 corrigendisque
1383 2224 1447 2307 agi·

282 2335 342 2392 tur.
396 2327 522 2393 Etenim
555 2351 619 2394 vox
655 2319 751 2420 ἦθος,
784 2337 820 2393 ut
850 2328 1039 2394 Plutarchus
1075 2330 1108 2392 in
1144 2350 1211 2415 cap.
1234 2331 1254 2393 6
1281 2327 1394 2409 docet,
1429 2351 1448 2392 a
1536 2394 1537 2435 ἢ

282 2434 508 2512 consuetudine
532 2437 690 2501 nominata
718 2443 781 2517 est3
813 2436 926 2500 mutari
953 2438 1049 2522 igitur
1075 2443 1181 2522 potest
1210 2444 1304 2522 atque
1333 2434 1449 2501 idonea

282 2544 403 2607 ratione
426 2541 594 2624 emendari,
616 2542 650 2607 id
671 2542 758 2628 quod
779 2545 813 2607 in
836 2542 955 2608 scholio
978 2541 1136 2609 docemur.

388 2649 513 2716 Versus
538 2652 600 2715 312
625 2649 767 2734 (Gaisap

440 2755 573 2842 δαίμονι
595 2753 622 2824 δ
648 2750 716 2838 οἷος
738 2755 852 2850 ἔησθα,
876 2756 913 2826 τὸ
937 2755 1131 2846 ἐργάζεσθαι
1154 2749 1286 2843 ιῖμοινον

282 2865 571 2950 interpretationem
593 2862 711 2928 scholio
734 2863 880 2928 traditam
896 2861 1112 2950 Goettiingius
1133 2862 1184 2947 (ad
1199 2887 1230 2930 v.
1246 2866 1321 2947 314)
1336 2865 1450 2928 mirum

282 2969 387 3034 Procli
413 2992 484 3036 esse
514 2978 725 3035 commentum
754 2978 853 3057 putat
897 2970 959 3035 Est
985 2979 1090 3035 autem
1116 2970 1212 3035 haec:
1258 2969 1384 3057 δαίμων
1412 2966 1450 3039 οδ

282 3076 381 3162 μόνον
403 3072 421 3145 ὁ
442 3073 617 3163 οῖπονὲμων
639 3072 716 3168 ἡμῖν
735 3077 789 3147 τδν
811 3077 881 3165 βίον
904 3078 960 3145 καὶ
976 3080 1108 3146 διοικῶν
1123 3077 1164 3145 τὰ
1180 3072 1327 3169 ἡμέτερα,
1343 3077 1450 3168 κρεῖσ-

284 3209 346 3252 σων
360 3179 460 3274 ἡμῶν,
476 3187 628 3268 καλεῖται,
652 3178 735 3252 ἀλλὰ
758 3186 814 3252 καὶ
836 3177 935 3265 αὐτὸς
957 3179 1051 3252 ddrc'
1069 3182 1188 3252 ἐκείνου
1207 3182 1280 3271 βίος
1302 3182 1452 3265 ἑκάστοις

284 3286 536 3376 ἇπονεμόμενος,
570 3291 615 3372 εἷς
641 3283 679 3360 ὃν
712 3292 888 3378 βλέποντες
914 3289 989 3373 τούς
1013 3292 1074 3378 μὲν
1103 3283 1304 3377 εὐδαιμονεῖν
1336 3317 1450 3382 φαμεν,

282 3397 356 3477 τοῖς
378 3399 414 3466 δὲ
435 3401 698 3484 κακοδαιμονεῖν·
723 3395 767 3480 ὡς
790 3399 847 3466 καῖ
870 3397 947 3492 τύχη
969 3398 1095 3486 λέγεται
1110 3392 1167 3488 ἥτε
1191 3394 1451 3489 ε’πιτροπεδουσα

283 3504 356 3585 τοὺς
377 3504 466 3592 βίους
493 3501 584 3596 ἡμῶν
610 3506 667 3573 καὶ
697 3503 735 3574 τδ
767 3500 1006 3591 ἀποδιδόμενον
1040 3502 1188 3586 ἑκάστοις
1218 3503 1300 3594 παρ’
1334 3499 1449 3596 αὐτῆς·

284 3606 362 3680 ὅθεν
384 3613 442 3680 καὶ
464 3605 601 3697 εὐτυχεῖν
623 3639 712 3694 τινας
734 3613 791 3680 καὶ
814 3615 975 3696 δυστυχεῖν
998 3612 1147 3699 λέγομεν·
1170 3617 1266 3681 τοῦτο
1281 3604 1336 3680 οὖν
1355 3636 1451 3705 φησιν

284 3715 302 3787 δ
332 3713 478 3801 Ἡσίοδος
506 3720 701 3809 προτρέπων
734 3718 781 3800 εἰς
811 3716 847 3786 τδ
882 3717 928 3806 μὴ
959 3720 1013 3809 ζῆν
1046 3714 1154 3809 ἆργδν,
1187 3712 1238 3787 δτι
1268 3713 1384 3800 δποῖος
1411 3714 1450 3785 ἂν

285 3822 410 3914 ἑκάστῳ
433 3825 565 3917 τυγχάνῃ
587 3825 659 3913 βίος
682 3822 931 3911 ἇποδεδομένος,
962 3822 1064 3915 τούτῳ
1087 3817 1220 3912 ἄμεινον
1244 3824 1448 3916 ἐργάζεσθαι,

239 3936 242 3941 ’
283 3930 347 4001 εἴτε
371 3925 510 4019 υῖμείνων
532 3931 597 4002 εἴτε
623 3932 755 4021 χείρων,
789 3931 845 4000 καὶ
870 3931 916 4023 μὴ
943 3938 1118 4001 ποιεῖσθαι
1144 3929 1312 4024 πρόφασιν
1339 3928 1449 4022 ἆργίας

284 4036 412 4111 δλικίαν
443 4033 578 4137 ἢτύχην
609 4033 731 4133 {iddio
764 4066 798 4111 τι
824 4045 988 4125 τοιοῦτον,
1020 4033 1104 4111 ἀλλὰ
1135 4038 1267 4124 πάντως
1298 4037 1389 4132 ἔργον
1418 4065 1448 4107 τι
