3146 4832
847 269 888 332 18

391 465 537 551 Denique
561 486 654 550 saepe
678 464 758 529 solet
779 463 967 529 Plutarchus
989 462 1106 528 iudicia
1127 483 1196 527 ase
1217 462 1282 526 lata
1296 460 1452 547 exemplis

287 595 326 637 ex
348 572 487 637 historiis
510 571 618 659 petitis
641 579 696 634 aut
718 570 810 635 dictis
826 570 962 636 virorum
986 570 1153 634 illustrium
1176 570 1364 634 confirmare.
1399 568 1454 633 Ea

286 677 490 759 consuetudo,
512 700 592 764 quae
614 699 708 763 quam
730 678 864 742 maxime
879 677 1005 763 propria
1019 676 1181 741 Plutarchi
1197 684 1254 756 est,
1275 676 1453 740 luculenter

284 792 537 873 repraesentatur
558 784 732 870 fragmento
757 787 796 850 37
822 783 982 868 (Βεὼρ),
1011 783 1065 848 ubi
1087 791 1254 869 postquam
1276 783 1453 848 necessitu-

284 893 382 959 dines
403 892 559 958 natiuales
591 891 729 977 potiores
763 912 832 957 esse
860 890 906 956 eis
933 912 1013 976 quae
1042 890 1124 955 inter
1155 889 1273 955 alienos
1304 889 1451 954 homines

286 1000 474 1065 exsisterent
497 998 590 1079 dixit,
620 999 666 1062 ita
691 998 812 1084 pergit:
842 999 900 1066 καὶ
927 991 1036 1088 ὀρθῶς
1062 991 1080 1065 δ
1107 995 1286 1077 Παναίτιος
1310 995 1452 1088 πολίτην

194 1162 197 1165 Α
284 1103 380 1176 αὐτόν
418 1100 602 1199 Ἀθηναίων
640 1111 812 1174 ποιεῖσθαι
855 1103 1060 1173 σπευδόντων
1099 1099 1193 1172 εἶπεν
1227 1106 1271 1193 τῷ
1306 1102 1450 1194 σώφρονι

282 1212 362 1301 μίαν
383 1212 484 1281 πόλιν
507 1204 624 1303 άρκεῖν.
652 1213 710 1279 καὶ
737 1206 755 1281 δ
778 1215 840 1279 τῶν
867 1217 1083 1301 Σπαρτιατῶν
1110 1209 1259 1296 βασιλεὺς
1285 1208 1371 1299 πρὸς
1393 1211 1446 1280 τδν

282 1318 427 1410 Ἀρκάδα
456 1317 510 1389 τόν
540 1320 626 1400 ξένον
658 1318 792 1388 εἰπόντα
823 1316 907 1411 πρὸς
939 1313 1034 1386 αὐτόν
1065 1311 1115 1387 ὅτι
1147 1317 1331 1408 φιλολάκων
1363 1315 1444 1386 οἴκοι

284 1430 429 1512 καλοῖτο,
459 1420 607 1494 εκάλλιόν
635 1421 710 1510 τοι’,
739 1419 843 1506 εἶπεν,
870 1419 915 1494 ‘ci
941 1422 1117 1516 cilduuite
1144 1425 1261 1492 ἐκαλοῦ
1282 1427 1405 1511 μᾶλλον
1428 1416 1447 1514 ἢ

283 1526 494 1626 φιλολάκων’.

389 1641 520 1705 Praeter
550 1639 627 1705 haec
658 1638 774 1704 indicia
804 1641 950 1703 nimirum
981 1639 1156 1725 proprietas
1188 1639 1340 1703 sermonis
1371 1637 1447 1701 Plu-

283 1748 402 1814 tarohei
424 1748 556 1833 insignis
570 1769 634 1811 non
649 1746 849 1811 mediocriter
870 1745 1001 1811 adiuvat
1021 1745 1198 1810 discernere
1214 1744 1446 1831 aggredientem

283 1863 386 1920 utrum
409 1853 578 1919 Plutarcho
602 1854 753 1918 scholium
776 1852 933 1938 quoddam
957 1853 999 1917 sit
1021 1851 1263 1917 adiudicandum
1285 1874 1392 1917 necne.

389 1961 452 2026 His
476 1961 675 2048 potissimum
698 1959 738 2025 de
756 1959 858 2024 causis
873 1959 1022 2045 reliquiae
1038 1960 1252 2023 commentarii
1267 1958 1446 2023 Plutarchei

283 2091 363 2156 quae
390 2067 553 2133 Plutarchi
580 2089 694 2133 nomen
719 2089 783 2131 non
810 2089 884 2153 prae
912 2089 946 2131 se
973 2066 1079 2131 ferunt
1106 2088 1124 2130 a
1147 2067 1223 2131 viris
1246 2065 1347 2130 doctis
1370 2066 1446 2130 Plu-

283 2176 390 2241 tarcho
413 2175 576 2240 restitutae
600 2182 687 2255 sunt3
710 2173 863 2258 equibus
887 2172 926 2238 de
948 2173 1106 2238 nonnullis
1128 2174 1191 2236 iam
1214 2194 1349 2258 agemus.

388 2282 495 2368 Atque
524 2280 564 2346 de
591 2281 710 2346 scholio
738 2302 778 2345 ex
804 2280 938 2345 Taetzae
966 2279 1007 2344 ad
1028 2303 1059 2344 v.
1083 2282 1146 2344 169
1170 2278 1293 2363 (Gaisf.)
1316 2278 1446 2343 adnota-

282 2390 368 2454 tione
390 2389 504 2475 petito,
531 2387 617 2473 quod
638 2387 827 2453 Duebnerus
855 2387 953 2452 altero
982 2387 1052 2451 loco
1074 2386 1193 2473 posuit,
1220 2408 1348 2472 prorsus
1372 2408 1448 2450 con·

283 2495 434 2561 sentimus
462 2518 534 2559 cum
561 2494 704 2580 Patzigio
732 2494 930 2560 abiudicante
957 2493 1017 2558 hoc
1047 2493 1199 2558 scholium
1227 2516 1247 2557 a
1274 2492 1446 2558 Plutarcho

281 2603 331 2667 his
354 2601 394 2667 dc
417 2602 539 2667 causis:
562 2596 710 2688 ‘primum
732 2601 919 2666 Plutarchus
942 2622 1004 2663 non
1027 2608 1063 2664 ut
1084 2602 1112 2666 is
1135 2601 1189 2686 qui
1219 2608 1445 2665 commentatus

283 2710 325 2775 sit
346 2708 533 2789 Hesiodum,
556 2707 614 2773 sed
628 2716 665 2772 ut
680 2710 814 2795 scriptor
828 2708 958 2772 illustris
981 2705 1139 2788 laudatur3
1163 2706 1276 2772 deinde
1293 2707 1445 2772 scholium

282 2816 361 2882 illud
382 2816 517 2902 primum
540 2815 749 2901 compositum
772 2822 821 2879 est
843 2813 884 2879 ad
906 2814 1124 2901 Lycophronis
1148 2817 1294 2894 v.1204;
1317 2816 1444 2879 tertium

184 2924 186 2928 ⁴
282 2924 316 2988 in
337 2923 555 3010 Lycophronis
579 2922 698 2987 scholio
721 2944 815 2987 verus
838 2922 938 3007 mythi
960 2929 1050 3008 pater
1071 2923 1249 2986 nominatur
1270 2921 1442 3007 Procopius

282 3030 364 3114 (bell.
387 3029 484 3096 Goth.
498 3029 554 3098 IV
577 3032 644 3114 20);
668 3028 803 3115 denique
826 3027 1017 3093 Francorum
1040 3029 1157 3093 mentio
1181 3030 1257 3093 satis
1281 3035 1386 3093 monet
1407 3034 1443 3090 ut

281 3138 384 3203 cautio
408 3129 618 3203 adhibeatur'.

387 3242 535 3330 Sequitur
560 3243 768 3329 fragmentum
792 3248 830 3310 3:
868 3243 951 3332 λέγει
989 3243 1026 3311 δὲ
1059 3240 1196 3323 ε’σδλδυς
1232 3234 1269 3311 οὗ
1302 3243 1374 3323 τοὺς
1404 3244 1442 3332 τό

280 3352 358 3444 τόχῃ
385 3353 443 3419 καλ
469 3353 508 3442 τῇ
537 3349 673 3437 δυνάμει
699 3351 910 3443 προέχοντας,
939 3346 983 3431 ὥς
1009 3371 1090 3443 φησι
1116 3349 1333 3440 Πλούταρχος,
1362 3342 1443 3416 άλλδ

279 3457 355 3541 τοδς
386 3451 458 3526 κατ)
487 3451 600 3548 άρετὴν
630 3458 838 3547 προέχοντας,
871 3458 907 3525 ἐκ
938 3448 1051 3526 τούτου
1082 3459 1205 3543 μᾶλλον
1237 3454 1358 3538 δεικνδς
1388 3453 1442 3546 τὴν
1502 3484 1506 3491 ·

280 3561 370 3658 δβριν
393 3557 569 3657 άφόρητον.
597 3562 627 3633 οὶ
654 3566 714 3650 μὲν
742 3561 801 3653 γάρ
829 3565 862 3632 ἐν
889 3558 1024 3650 δυνάμει
1046 3564 1102 3632 καὶ
1126 3555 1251 3655 σφόδρα
1274 3561 1441 3652 δυσχεραί-

279 3698 387 3743 νουσιν
410 3672 469 3741 ἒπὶ
490 3677 560 3753 ταῖς
583 3672 703 3738 ἐκτῶν
726 3664 959 3759 ἀσθενεστέρων
984 3669 1031 3751 εἰς
1052 3663 1167 3751 αὐτοὺς
1189 3668 1328 3761 ὕβρεσιν·
1353 3669 1383 3738 οὶ
1407 3670 1443 3736 δὲ

279 3773 351 3848 κατ’
376 3775 488 3872 ἀρετὴν
517 3781 631 3862 ζῶντες
657 3779 714 3846 καλ
740 3777 859 3859 ταότας
885 3776 943 3859 τάς
970 3773 1077 3869 ὕβρεις
1105 3777 1327 3846 διαπτόουσιν.
1354 3771 1441 3844 (οὐδὲ

279 3886 339 3979 γάρ
361 3886 475 3979 χείρων
497 3878 584 3973 e‘yci',
607 3886 706 3977 φησὶν
731 3879 943 3977 όΣωκράτης,
966 3877 1022 3952 ‘th
1039 3879 1055 3954 ό
1072 3889 1162 3954 δεῖνα
1185 3886 1244 3952 ἐπὶ
1267 3884 1380 3977 κόρρης
1399 3905 1440 3966 με

278 3994 409 4086 πατάξῃ
449 3989 571 4074 ἀδίκως
581 3985 601 4060 ³.
667 3992 784 4077 Agitur
819 4000 925 4057 autem
961 3991 1001 4057 de
1032 3992 1177 4059 versibus
1215 3994 1280 4057 214
1312 3998 1343 4056 et
1376 3988 1438 4053 215

279 4100 438 4190 (Gaetup
