3146 4832
714 267 755 330 19

7 456 38 542 pi
237 512 240 517 Δ
311 457 400 550 ὕβρις
422 459 481 552 γάρ
504 488 537 530 τε
559 458 644 554 κακὴ
667 462 762 551 δειλῷ
784 463 906 550 βροτῷ·
923 453 999 530 οὐδὲ
1021 462 1082 547 μὲν
1104 458 1223 541 ἐσθλὸς

18 564 37 628 Fl
310 567 442 662 ῥηιδίως
456 569 591 659 φερέμεν
606 567 747 652 δύναται,
769 564 907 660 βαρύθει
921 568 959 636 δέ
972 564 1008 635 δ’
1026 560 1084 637 ὑπ’
1101 561 1208 660 αὐτῆς.

7 684 37 736 ιιι
257 675 346 753 Quos
362 697 482 756 versus,
505 683 541 740 ut
555 675 686 740 Proclus
701 674 828 761 quidem
843 674 969 741 videtur
986 675 1104 755 testari,
1126 675 1314 741 Plutarchus

6 783 34 845 lu·
152 784 196 847 ita
224 781 425 868 intellegebat
447 790 483 846 ut
513 781 691 847 Hesiodum
715 782 908 847 existimaret
929 781 1108 868 superbiam
1135 781 1239 847 dicere
1266 783 1314 846 in·

6 893 33 953 iu
150 889 343 954 tolerabilem
366 911 436 954 esse
458 911 522 954 non
545 888 646 954 solum
661 888 780 954 homini
795 892 903 979 δειλῷ,
926 887 1092 954 sedetiam
1108 889 1226 977 ἐσθλῷ,
1242 888 1272 952 h.
1287 911 1314 954 e.

6 999 31 1087 ιἰρ
149 995 231 1060 bono
264 997 443 1081 virtuteque
475 996 654 1076 excellenti3
685 1018 754 1061 eam
781 997 866 1060 enim
894 998 960 1062 vim
986 1017 1097 1061 vocem
1124 994 1243 1077 ἐσθλός
1270 996 1314 1060 ibi

5 1176 11 1195 .
146 1102 272 1183 habere,
295 1124 359 1166 non
382 1101 466 1168 idem
484 1125 554 1169 esse
570 1112 663 1188 atque
686 1097 795 1168 ‘dives
812 1102 863 1168 vel
878 1094 1015 1189 potens'.
1048 1100 1139 1167 Haec
1153 1102 1314 1167 Plutarchi

21 1218 26 1282 ξ
147 1211 305 1275 sententia
337 1217 416 1290 erat,
447 1211 474 1275 si
506 1209 634 1296 quidem
665 1210 771 1276 Procli
804 1209 909 1275 verbis
936 1208 1030 1274 fidem
1060 1209 1224 1290 habemus,
1256 1209 1313 1275 sed

5 1324 24 1390 l,
146 1338 278 1403 prorsus
300 1316 345 1380 illi
368 1317 521 1382 contraria
543 1327 617 1382 sunt
638 1339 718 1403 quae
741 1324 920 1403 sequuntur.
959 1317 1096 1381 Tantum
1119 1317 1203 1380 enim
1225 1316 1315 1382 abest

5 1425 25 1494 r?
148 1432 186 1487 ut
213 1423 288 1488 boni
310 1446 433 1509 quoque
455 1424 597 1488 homines
624 1425 724 1510 premi
751 1424 895 1489 dicantur
921 1423 1068 1511 superbia
1094 1445 1224 1508 eamque
1246 1446 1313 1488 mo·

149 1530 229 1594 leste
252 1529 344 1610 ferre,
366 1539 402 1594 ut
424 1553 479 1595 eos
502 1530 709 1596 contendatur
731 1553 800 1596 eam
815 1541 1023 1611 contemnere,
1045 1551 1202 1616 respuere,
1224 1529 1313 1595 nihili

148 1637 260 1717 facere,
282 1636 316 1701 id
338 1637 423 1722 quod
445 1638 646 1703 confirmatur
667 1637 804 1704 Socratis
827 1637 913 1702 dicto
933 1638 966 1702 in
981 1639 1041 1702 fine
1063 1636 1184 1724 posito.¹
1214 1635 1314 1701 Scho-

148 1743 226 1807 lium
255 1743 350 1829 igitur
377 1745 410 1809 in
437 1744 516 1810 duas
543 1745 730 1810 discinditur
756 1753 875 1831 partes,
905 1767 1035 1830 quarum
1061 1744 1159 1809 altera
1184 1766 1312 1829 prorsus

151 1850 299 1915 dissentit
328 1851 368 1916 ab
398 1851 502 1916 altera.
556 1852 662 1930 Quam
693 1851 908 1918 difficultatem
939 1852 984 1916 ita
1011 1850 1142 1916 forsitan
1171 1849 1313 1936 expediri

148 1958 229 2022 velis
252 1965 288 2021 ut
309 1959 464 2044 posterior
478 1959 589 2024 scholii
603 1981 676 2046 pars
691 1959 804 2024 Proclo
819 1958 975 2024 tribuatur
989 1965 1098 2023 contra
1111 1957 1314 2022 Plutarchum

146 2064 322 2151 disputanti
345 2073 438 2150 atque
470 2066 502 2129 in
534 2066 602 2131 eius
633 2066 723 2130 initio
755 2064 909 2152 quaedam
939 2064 1134 2130 intercidisse
1163 2073 1314 2151 putentur

146 2172 223 2236 talia
244 2172 327 2237 fere:
351 2166 421 2240 ἀλλ’
437 2174 512 2258 ἐμοὶ
534 2167 640 2253 ἄλλως
662 2176 775 2242 δοκεῖ·
792 2171 822 2242 οἱ
844 2174 904 2258 μὲν
926 2170 986 2264 γὰρ
1009 2200 1038 2240 κ.
1054 2199 1080 2240 τ.
1096 2175 1125 2240 λ.
1163 2171 1314 2237 Attamen

148 2302 214 2361 non
228 2279 372 2344 omnibus
388 2281 524 2344 numeris
540 2280 617 2344 haec
637 2282 774 2366 suspicio
789 2280 881 2345 nobis
898 2279 1060 2344 satisfacit.
1097 2278 1216 2344 Contra
1230 2279 1314 2343 enim

151 2384 255 2450 dicere
281 2386 355 2451 licet
381 2409 460 2472 quae
483 2387 581 2453 verba
606 2387 640 2451 in
667 2387 771 2473 priore
799 2386 918 2451 scholio
938 2386 1068 2450 Proclus
1091 2384 1131 2450 de
1153 2385 1315 2450 Plutarchi

151 2493 407 2577 interpretatione
430 2493 533 2574 faciat,
561 2516 598 2558 ea
620 2516 683 2558 non
707 2493 883 2558 oblocuturi
907 2515 977 2558 esse
1000 2492 1057 2557 sed
1079 2491 1314 2579 adstipulatum

152 2599 279 2684 obloqui
303 2622 374 2664 eum
396 2603 441 2664 ita
463 2601 564 2665 solere
587 2608 623 2664 ut
637 2601 671 2665 in
685 2600 794 2686 fragm.
810 2604 830 2665 8
846 2600 1006 2685 (Duebn.):
1031 2595 1091 2668 οὔκ
1113 2595 1314 2668 ἀποδεκτέον

150 2704 186 2774 τδ
210 2706 329 2791 ι’λαδδν,
354 2702 398 2788 ὡς
419 2706 624 2797 Πλούταρχος
646 2706 828 2801 ἐξηγήσατο,
850 2705 888 2777 τὸ
910 2709 1023 2775 πᾶσαν
1051 2705 1315 2794 ἐγκολπίσασθαι

148 2812 268 2881 κακίαν
292 2808 373 2900 ὁμοῦ
396 2816 520 2907 δηλοῦν.
571 2814 739 2880 Praeterea
766 2814 954 2879 sententiam
979 2815 1080 2900 ipsam
1109 2835 1237 2900 prorsus
1260 2813 1315 2878 ab·

147 2920 276 2986 horrere
303 2944 323 2985 a
345 2920 505 2985 Plutarchi
531 2921 670 2986 moribus
699 2929 792 3007 atque
815 2922 950 3006 ingenia,
978 2944 1048 2985 cum
1071 2922 1188 2986 virtute
1212 2921 1315 2986 excel·

148 3028 266 3092 lentem
289 3050 352 3092 uon
375 3027 469 3092 facile
492 3028 630 3114 appellet
651 3030 705 3113 qui
727 3029 840 3093 iniuria
862 3027 997 3114 quadam
1018 3030 1157 3113 graviter
1179 3050 1315 3093 commo-

151 3143 275 3216 veatur3
298 3157 378 3220 quae
401 3136 434 3198 in
457 3134 600 3221 exemplo
624 3134 762 3200 Socratis
790 3144 942 3216 cernatur,
965 3133 1097 3200 eandem
1112 3135 1315 3200 Plutarchum

151 3241 329 3306 existimare
361 3243 510 3306 virtutem
523 3248 548 3323 ¹,
576 3240 710 3327 ideoque
738 3242 833 3307 etiam
860 3244 889 3307 ei
921 3240 1121 3306 tribuendum
1144 3264 1214 3307 esse
1236 3241 1315 3306 illud

151 3348 345 3434 exemplum,
386 3349 569 3434 praesertim
604 3371 676 3413 cum
710 3348 803 3413 dictis
834 3348 949 3414 talibus
980 3348 1117 3413 virorum
1147 3348 1315 3413 illustrium

148 3477 228 3540 quae
252 3454 450 3520 contenderit
471 3458 540 3541 ipse
562 3457 744 3521 confirmare
767 3453 859 3520 valde
882 3456 911 3520 ei
933 3455 1084 3520 familiare
1107 3457 1157 3520 sit
1201 3455 1314 3541 Itaque

147 3562 328 3649 coniectura
351 3562 599 3627 subveniendum
622 3571 672 3628 est
694 3562 813 3628 scholio
836 3563 881 3627 ita
902 3571 939 3626 ut
959 3585 1032 3649 pars
1047 3564 1133 3649 prior
1147 3564 1314 3648 posteriori

147 3667 404 3734 accommodetur
425 3670 459 3732 in
480 3670 563 3734 hunc
585 3668 728 3735 modum:
767 3670 852 3757 λέγει
876 3670 912 3738 δὲ
936 3667 1073 3751 ἐσθλοὺς
1097 3663 1158 3756 [οὗ]
1181 3667 1254 3751 τοδς
1276 3671 1314 3761 τῷ

257 3849 266 3877 ¹
284 3849 330 3901 Ita
348 3848 382 3901 de
400 3847 489 3902 cohib.
509 3848 538 3900 ir.
558 3866 615 3918 cap.
635 3850 652 3902 9
670 3848 835 3903 haecdicit:
866 3848 925 3907 τοὺς
943 3849 968 3901 δ’
988 3849 1080 3917 ἠπίους
1098 3848 1144 3901 καὶ
1162 3850 1237 3906 λείως
1256 3850 1313 3916 ὁμι-

146 3939 256 3996 λοῦντας
281 3938 369 4005 ὀργαῖς
393 3937 515 3989 κάλλιστα
542 3937 590 4004 μὲν
617 3937 779 4005 ἀκούσματα,
807 3939 930 3992 κάλλιστα
958 3937 986 3990 δὲ
1013 3938 1131 4005 δεάματα
1159 3938 1312 4005 ποιούμενος

147 4028 264 4094 ἄρχομαι
283 4035 459 4094 καταφρονεῖν
477 4032 529 4079 τῶν
547 4027 688 4094 λεγόντων·

308 4116 379 4183 ἄνδρ’
401 4116 539 4184 ἠδίκησας,
558 4116 630 4183 ἄνδρ’
651 4117 772 4170 ἀνεκτέον
790 4118 862 4181 τόδε,·
