3146 4832
847 275 890 337 44

763 368 974 375 -——-———

284 470 386 562 τροφὴ
416 473 538 556 μᾶλλον
565 468 716 561 ένμῆκει
743 472 804 539 τῶν
831 473 972 538 νυκτῶν·
1005 467 1059 562 ῆτε
1089 467 1148 559 γάρ
1179 460 1340 563 θερμότης
1371 467 1447 537 εῖσω

283 577 495 672 καδειργμένη
522 577 578 646 διὰ
610 575 667 668 τῆν
699 576 821 660 ἔξωθεν
851 575 1017 647 πύκνωσιν
1048 576 1187 645 πλείονα
1210 580 1368 645 δαπανοῖ·
1392 577 1450 644 καὶ

281 688 385 775 μῆκος
403 684 436 752 αῖ
460 683 568 764 νύκτες
590 682 719 768 έχουσαι
741 683 878 754 πλείονα
902 687 1056 755 πέττουσι
1078 682 1208 777 τροφήν,
1232 675 1270 774 ῆν
1288 678 1449 774 διρμαλίαν

282 786 382 876 εἶπεν,
406 785 449 873 ὡς
467 793 631 883 προσφιλῆ
647 798 716 873 τοῖς
730 791 939 883 τρεφομένοις
953 793 1010 860 καί
1025 788 1226 880 εὐάρμοστον.
1261 790 1452 855 Plutarohea
1537 840 1540 846 .

285 906 334 963 est
356 921 436 985 quae
458 899 538 963 ratio
567 898 733 985 exponitur
756 898 796 963 de
815 900 919 964 oaiore
934 900 967 964 in
982 921 1112 985 corpore
1127 899 1258 979 inoluso,
1281 920 1344 984 quo
1360 898 1451 962 oibus

284 1012 508 1090 oonooquatur‚
543 1004 639 1091 idque
675 1005 777 1071 hieme
813 1007 912 1092 magis
949 1006 1053 1071 oaiore
1083 1008 1116 1069 in
1149 1028 1183 1070 se
1218 1013 1326 1069 ooaoto
1356 1027 1453 1090 quam

284 1120 412 1177 aestate.
457 1112 540 1177 Nam
561 1128 690 1200 prorsus
707 1112 818 1179 eodem
834 1121 978 1200 spectant
1000 1135 1079 1198 quae
1095 1113 1241 1198 leguntur
1263 1111 1303 1177 de
1325 1111 1453 1176 flamma

285 1217 325 1283 de
348 1218 412 1283 def.
436 1242 515 1284 orao.
545 1243 612 1307 oap.
635 1224 675 1284 4:
721 1214 782 1313 ῆδη
813 1219 872 1310 γὰρ
904 1213 1029 1310 οόιῆκοα
1060 1219 1214 1309 λεγόντων
1245 1224 1339 1287 τινοῖν
1370 1219 1451 1309 περὶ

285 1331 340 1394 τού
366 1325 472 1418 πυρὸς
499 1322 543 1408 αῖς
565 1329 599 1396 έν
625 1333 760 1414 χειμῶνι
786 1326 900 1396 κάεται
927 1327 1052 1415 βέλτιον
1079 1323 1146 1396 ύπδ
1176 1326 1282 1419 ῥώμης
1304 1325 1349 1407 είς
1372 1320 1451 1393 αύτὸ

286 1432 527 1520 συστελλόμενον
549 1438 588 1526 τῆ
613 1432 786 1529 ψυχρότητι
811 1436 868 1503 καί
883 1434 1108 1521 πυκνούμενον,
1133 1437 1165 1503 ἐν
1182 1435 1219 1502 δέ
1234 1439 1302 1516 τοῖς
1318 1430 1453 1518 αὐχμοῖς

285 1542 451 1625 ἐξασθενεῖ
477 1544 532 1610 καί
561 1540 680 1631 γίνεται
708 1542 810 1628 μανὸν
837 1544 894 1611 καί
922 1533 1046 1628 άτονον,
1077 1535 1137 1611 κάν
1160 1543 1193 1610 έν
1216 1538 1297 1632 ῆλίφ
1320 1533 1449 1632 κάηται,

283 1655 388 1738 χεῖρον
410 1647 578 1738 ἐργάζεται
601 1651 657 1718 καί
684 1652 739 1740 τῆς
766 1646 842 1742 ύλης
869 1647 1011 1718 άπτεται
1038 1653 1193 1736 μαλακῶς
1223 1649 1280 1716 καί
1304 1676 1448 1740 κατανα-

284 1753 388 1824 λίσκει
414 1747 562 1846 βράδιον
577 1756 629 1823 vel
652 1756 691 1821 de
713 1779 844 1843 oorpore
871 1757 1006 1821 humano
1033 1757 1066 1821 in
1093 1764 1212 1842 quaest.
1235 1778 1327 1821 oonv.
1349 1755 1387 1819 H
1410 1759 1447 1820 2:

285 1857 362 1931 όδὲ
383 1862 571 1953 Λαμπρίας
594 1858 685 1932 εἶπεν
707 1861 757 1932 ότι
785 1863 822 1932 τδ
850 1862 970 1932 οίκεῖον
996 1864 1053 1931 καί
1082 1864 1119 1933 τό
1144 1863 1303 1955 σύμφυτον
1325 1860 1447 1952 θερμὸν

285 1964 370 2060 ῆμῖν,
395 1959 422 2059 ηἴ
444 1970 625 2061 τρέφεσθαι
647 1970 844 2062 πεφύκαμεν,
864 1972 896 2038 έν
918 1972 977 2056 μέν
999 1974 1043 2060 τῷ
1060 1972 1153 2061 θέρει
1176 1971 1376 2059 διέσπαρται
1394 1971 1448 2037 καί

284 2077 405 2166 γέγονεν
428 2070 657 2168 άσδενέστερον
680 2078 737 2145 καί
758 2077 868 2164 μανόν,
892 2078 924 2145 έν
948 2080 984 2146 δέ
1005 2082 1049 2167 τῷ
1072 2077 1226 2170 φθίνοντι
1249 2082 1354 2168 καιρῷ
1376 2101 1443 2145 συν-

285 2181 445 2275 αγείρεται
482 2183 584 2253 πάλιν
615 2186 672 2252 καί
704 2181 817 2268 ίσχύει,
855 2184 1155 2276 κατακρυπτόμενον
1189 2182 1277 2265 έντδς
1308 2184 1365 2252 διά
1398 2181 1442 2274 τῆν

286 2288 462 2380 περίψυξιν
484 2291 540 2358 καί
563 2289 618 2382 τῆν
640 2289 808 2359 πύκνωσιν
831 2294 885 2359 τοῖν
908 2290 1063 2378 σώματος.
1107 2291 1272 2356 Adicimus
1295 2299 1328 2354 et
1350 2290 1447 2355 adieo

285 2396 352 2461 tiva
374 2400 557 2488 προσφιλῆς
579 2399 636 2466 καί
659 2394 851 2488 εὐάρμοστος
874 2399 956 2463 siout
970 2399 1003 2463 in
1019 2399 1138 2464 scholio
1155 2398 1300 2485 copulata
1317 2396 1447 2463 inveniri

284 2503 318 2567 in
349 2512 467 2588 quaest.
495 2527 586 2570 conv.
613 2504 688 2574 VH
714 2505 747 2568 in
774 2527 927 2591 prooem:
977 2498 1158 2595 εύάρμοστα
1190 2508 1229 2596 τῆ
1261 2505 1366 2593 γεύσει
1397 2503 1447 2572 καί

285 2614 452 2702 προσφιλῆ
475 2619 507 2676 at
534 2612 656 2697 ooniug.
677 2634 779 2698 praec.
802 2634 868 2698 oap.
886 2616 946 2677 22:
975 2610 1156 2702 εὐάρμοστα
1179 2613 1236 2680 καί
1259 2606 1374 2680 άλυπα
1397 2610 1448 2680 καί

285 2720 453 2809 προσφιλῆ
475 2718 638 2807 παρέχειν,
662 2727 694 2783 et
717 2721 866 2787 δαπανᾶν
889 2742 959 2783 oum
981 2721 1015 2785 vi
1038 2719 1144 2784 eibum
1162 2718 1369 2784 consumendi
1392 2716 1448 2803 legi

286 2825 319 2888 in
342 2832 461 2910 quaest.
485 2847 575 2890 oonv.
598 2825 636 2889 H
659 2828 688 2906 6,
713 2830 750 2891 3:
789 2824 982 2895 nazoraiau
1006 2827 1120 2917 δένδρα
1142 2828 1199 2918 τῆς
1221 2829 1341 2917 τροφῆς
1364 2822 1447 2894 ἆπο-

285 2930 424 3000 λούοντα
447 2931 557 3025 πάσης
579 2931 625 3014 είς
643 2928 725 3000 αὐτὰ
740 2935 978 3026 δαπανωμένης
1001 2941 1033 2997 et
1052 2934 1085 2997 in
1106 2933 1216 3018 fragm.
1233 2937 1275 2998 28
1291 2932 1447 3015 (Duebn.):

286 3042 390 3106 δεῖται
412 3039 472 3129 γάρ
494 3039 530 3107 τό
554 3040 588 3107 έν
611 3033 687 3130 ῆμῖν
708 3039 842 3129 θερμόν,
864 3043 918 3108 ῖνα
941 3042 1028 3131 μένη,
1051 3044 1107 3133 τῆς
1127 3039 1248 3124 έξωδεν
1263 3045 1391 3130 τροφῆς,
1414 3030 1447 3129 ῆν

287 3140 323 3213 ού
347 3138 512 3232 δεχόμενον
534 3149 669 3238 δαπανᾷ
691 3144 728 3214 τό
752 3152 846 3233 σιῖμα
869 3149 926 3215 καί
945 3144 1046 3216 αὐτοῦ
1060 3175 1091 3215 τι
1109 3144 1263 3238 άποσπῆι,
1286 3169 1344 3210 neo
1359 3168 1447 3212 νοου-

286 3252 394 3316 bulum
420 3255 522 3344 μῆκος
545 3252 628 3338 ἔχειν
651 3254 786 3318 alienum
809 3277 878 3319 esse
904 3254 1089 3335 Plutarcho,
1113 3254 1200 3320 velut
1222 3253 1262 3318 de
1285 3254 1358 3318 mul.
1383 3252 1447 3319 virt

286 3382 353 3446 oap.
379 3363 417 3424 17
441 3360 573 3446 legitur:
602 3362 659 3429 καί
684 3363 788 3452 μῆκος
810 3359 898 3446 έσχεν
921 3357 938 3431 ὁ
963 3361 1114 3447 πόλεμος.
1160 3361 1272 3446 Itaque
1295 3361 1375 3425 hano
1397 3358 1447 3423 ad-

286 3469 479 3531 notationem
501 3467 670 3532 Plutarcho
694 3467 908 3546 adsoribimUS,
940 3491 1042 3554 neque
1073 3468 1133 3532 hoo
1164 3490 1247 3532 nuno
1275 3467 1447 3553 quaerimus

287 3597 363 3638 num
384 3576 601 3660 interpretatio
623 3577 825 3660 grammatica
851 3598 931 3661 quoe
958 3575 1010 3639 hio
1036 3575 1127 3639 nobis
1155 3573 1286 3640 offertur
1308 3571 1450 3640 videatur

288 3681 459 3767 probabilis
482 3704 560 3747 esse.

394 3787 485 3853 Idem
508 3789 680 3854 iudicamus
703 3788 743 3854 de
767 3789 884 3854 soholio
908 3789 948 3853 ad
971 3813 1001 3854 v.
1026 3793 1089 3854 704
1112 3788 1253 3873 (Gaisf.):

446 3888 480 3965 εδ
503 3892 530 3964 δ’
549 3888 628 3965 όπιν
651 3890 825 3965 ἀθανάτων
847 3893 1001 3985 μακάρων
1025 3897 1273 3988 πεφυλαγμένος
1295 3891 1377 3965 εἶναι

284 4002 456 4090 adscripto:
489 4006 581 4072 τούτο
602 4003 686 4090 μετὰ
712 4001 786 4084 τούς
808 4004 888 4093 περί
911 4002 1014 4091 γάμου
1036 4004 1163 4091 λόγουςλ
1179 4003 1355 4091 προοίμιόν
1382 4003 1445 4069 ἐστι

285 4115 347 4183 ταῖν
370 4111 598 4209 ῥηθησομένων
628 4109 887 4197 παιδευμάτων·
911 4115 961 4180 δεῖ
992 4111 1051 4203 γάρ
1079 4108 1145 4204 πρὸ
1172 4110 1308 4181 πάντων
1337 4103 1445 4198 στοχά-
