3146 4832
285 406 379 496 (quod
409 431 470 494 qua
499 407 538 472 de
561 431 655 472 causa
677 407 796 473 dictum
826 411 867 474 sit
894 432 955 474 non
984 410 1046 474 iam
1073 410 1295 496 intellegemus
1327 408 1455 474 intelle·

283 517 419 605 gendum
451 524 518 581 erat
548 515 632 580 haud
663 515 757 580 dubie
786 539 824 580 ex
857 516 1051 603 superiorum
1083 517 1187 602 aliqua
1208 516 1368 581 Plutarchi
1394 515 1456 580 ad-

282 627 477 690 notationum
500 645 579 708 quae
601 623 719 709 periit),
750 646 788 688 ne
816 623 850 687 id
877 624 1004 709 quidem
1026 624 1161 688 alienum
1184 633 1233 688 est
1259 623 1298 687 ab
1321 626 1454 708 ingenio

280 730 450 812 Plutarchi,
473 731 526 816 qui
550 729 682 794 similem
705 729 939 795 distinctionem
965 731 1042 796 facit
1070 730 1110 795 de
1133 730 1203 794 aud.
1226 739 1310 816 poet.
1333 753 1403 817 cap.
1423 733 1455 816 6,

281 840 367 906 varie
389 839 554 924 disputans
576 858 656 921 quae
678 838 710 900 in
737 837 897 901 hominum
925 840 990 903 vita
1016 838 1056 902 ad
1082 836 1148 918 dei,
1174 860 1254 923 quae
1277 836 1318 900 ad
1340 839 1455 923 provi-

282 946 415 1026 dentiae,
444 966 523 1030 quae
546 942 586 1007 ad
609 943 754 1009 fortunae
777 946 995 1009 auctoritatem
1017 944 1194 1009 revocanda
1216 945 1287 1009 sint

388 1051 597 1137 Adiungimus
621 1050 772 1115 scholium
794 1051 835 1115 ad
857 1073 887 1116 v.
910 1054 975 1117 463
999 1074 1065 1137 sqq.
1089 1050 1231 1133 (Gaisf.):

439 1153 587 1243 εόχεσθαι
610 1158 646 1225 δέ
670 1159 727 1225 Διί
748 1158 878 1247 χθονίιμ,
903 1158 1065 1250 Δημήτερι
1088 1151 1124 1225 θ’
1142 1156 1221 1248 δίχνη

439 1266 570 1334 ἐκτελέα
592 1264 721 1353 βρίθειν
744 1263 925 1358 Δημήτερος
948 1264 1033 1353 ἱερὸν
1056 1259 1165 1355 όκτήν,

433 1371 612 1458 Λξ’χόμενος
634 1370 673 1438 τὰ
696 1365 798 1460 πρῶτ’
822 1365 949 1461 ἀρότου,
973 1366 1019 1441 ὅτ’
1043 1365 1082 1439 δν
1106 1366 1201 1463 ίίκρον
1224 1372 1349 1463 ἐχέτλης

437 1481 517 1568 χειρὶ
539 1476 647 1565 λαβὼν
670 1475 799 1571 ὅρπηκα
821 1485 907 1565 βοῶν
929 1480 987 1547 ἐπὶ
1011 1484 1108 1546 νῶτον
1131 1482 1222 1571 ἵκηαι

438 1586 568 1678 ἐνδρυσν
591 1585 748 1654 ἐλκόντων
770 1583 952 1672 μεσσόβων.

279 1696 377 1764 ταῦτα
400 1695 457 1762 καὶ
479 1692 666 1779 θεοσεβείας
688 1692 754 1760 ἐστὶ
777 1691 921 1779 δόγματα
943 1694 1107 1781 τρέποντα
1128 1691 1203 1775 τοὺς
1223 1692 1321 1783 ἐρχων
1337 1688 1445 1761 όιπτσ-

277 1803 394 1889 μένους
416 1802 474 1869 ἐπί
495 1797 553 1880 τὰς
575 1798 799 1891 παρακλήσεις
820 1806 883 1867 τῶν
905 1800 944 1867 τὰ
968 1799 1044 1889 ἔργα
1067 1804 1167 1868 ταῦτα
1187 1799 1372 1891 ἐφορώντων
1387 1788 1444 1869 κοιλ

276 1912 415 1978 τελειοῦν
437 1907 621 1992 δυναμένων
643 1910 740 1988 θεῶν,
764 1908 821 1974 καί
844 1904 936 1975 οὐδὲν
958 1901 1137 1975 ἀπολείπει
1160 1905 1244 1997 πρὸς
1262 1909 1389 1997 τέρψιν,
1414 1908 1442 1977 εί

277 2016 465 2106 ἐννοήσσμεν
491 2012 546 2082 τόν
573 2007 668 2103 όροῑν
694 2015 852 2099 μέλλοντα
884 2014 1124 2101 λαμβανόμενον
1150 2018 1205 2104 τῆς
1228 2015 1372 2108 ἐχέτλης,
1407 2011 1441 2105 ἐμ

277 2121 479 2214 προείπομεν
496 2118 546 2190 δτι
561 2123 644 2188 ποτὲ
666 2124 759 2212 δηλοῖ
781 2127 836 2188 τοῦ
859 2115 993 2212 ἀρότρου
1014 2122 1120 2210 μέρος,
1144 2122 1224 2210 πρίν
1247 2120 1345 2212 ἐλάσῃ
1369 2124 1437 2203 τσδς

276 2226 366 2319 βόας,
393 2226 535 2319 μάρτυρα
558 2231 717 2295 καλοῦντα
739 2233 797 2295 τοῦ
820 2226 913 2318 ἐργσυ
935 2227 989 2295 τὸν
1012 2227 1078 2296 Δία
1100 2229 1157 2295 καί
1179 2228 1235 2318 τήν
1259 2225 1439 2320 Δήμητραν,

276 2335 411 2423 τὸνμὲν
435 2331 479 2418 ὡς
500 2334 716 2423 τελεσιουργόν
748 2332 803 2402 διδι
830 2338 892 2403 τῶν
922 2329 1050 2424 δ’μβρων
1077 2341 1131 2427 τῆς
1158 2341 1297 2424 σπορᾶς,
1327 2336 1384 2427 τήν
1406 2338 1439 2404 δέ

277 2439 321 2525 ὡς
342 2443 518 2535 προστότιν
539 2445 601 2510 τῶν
623 2441 760 2531 γονίμων
783 2441 946 2527 δυνόμεων
968 2448 1024 2532 τής
1046 2445 1110 2532 γῆς.
1135 2438 1152 2508 ὁ
1175 2448 1248 2529 γοῦν
1271 2439 1382 2511 πάντα
1401 2442 1439 2510 τὰ

276 2545 358 2641 παρ’
383 2549 496 2618 ἐαυτοῦ
518 2548 661 2640 ποιήσας
684 2542 738 2633 οόχ
760 2543 876 2629 ἁπλῶς
898 2547 983 2616 αίτεῖ
1006 2547 1079 2629 τοὺς
1100 2549 1209 2632 θεσός,
1233 2545 1301 2616 ἀλλ)
1329 2545 1439 2640 ὥσπερ

277 2654 412 2726 ἀπαιτεῖ
439 2655 474 2724 τδ
501 2657 601 2736 τέλος.
631 2650 674 2735 ὡς
701 2654 790 2744 ἐλεχε
818 2648 988 2746 Σωκράτης
1015 2647 1168 2739 εόχεσθαι
1196 2659 1262 2724 δεῖν
1285 2655 1439 2748 μουσικήν

275 2763 330 2834 τόν
359 2763 567 2850 μανθάνοντα
599 2763 656 2829 καί
687 2760 780 2853 γονήν
811 2761 942 2829 παίδων
973 2759 1028 2830 τὸν
1059 2768 1233 2850 γαμοῦντα,
1270 2760 1352 2830 οίτω
1386 2765 1440 2832 καί

272 2869 425 2952 Ἡσίοδος
447 2873 584 2957 καρπῶν
605 2866 700 2959 μονήν
723 2866 777 2936 τδν
800 2875 855 2959 τής
877 2869 1004 2961 ἐχέτλης
1029 2861 1090 2962 ήδη
1117 2869 1361 2956 λαμβανόμενον
1384 2872 1440 2938 καί

275 2974 407 3070 ὅρπηκα
438 2977 576 3067 φέροντα
607 2976 664 3043 καί
696 2974 860 3064 ἐπέχοντα
891 2982 960 3057 τοῖς
991 2975 1103 3057 νιότοις
1133 2980 1195 3043 τῶν
1223 2980 1324 3061 βοῶν,
1358 2973 1438 3045 ὥστε

274 3090 448 3177 κινηθῆναι
471 3084 527 3151 καὶ
551 3081 681 3150 ἐλκόσαι
704 3080 740 3150 τὸ
764 3074 903 3173 δροτρον.
954 3082 1036 3146 Nam
1062 3085 1094 3146 in
1122 3082 1182 3146 hoc
1209 3105 1334 3168 quoque
1361 3106 1437 3148 non-

274 3192 360 3256 nulla
382 3189 643 3277 deprehendimus
659 3188 776 3253 indicia
791 3189 919 3274 originis
934 3189 1150 3255 Plutarcheae.
1187 3190 1333 3275 Respicit
1356 3193 1436 3256 enim

272 3297 459 3363 Plutarchus
491 3296 531 3360 ad
559 3296 692 3361 eundem
724 3318 850 3360 versum
877 3295 917 3360 de
949 3304 1081 3382 superst.
1113 3318 1179 3383 cap.
1204 3300 1237 3377 8,
1273 3297 1329 3361 ubi
1361 3298 1436 3362 deos

273 3402 430 3469 adiutores
453 3404 497 3467 ita
518 3402 712 3468 invocandos
740 3426 810 3468 esse
838 3402 931 3467 docet
958 3404 984 3467 si
1013 3404 1208 3489 prorostris
1231 3404 1353 3469 viribus
1376 3404 1435 3490 ipsi

273 3534 353 3598 opus
375 3519 516 3575 nostrum
539 3509 768 3595 aggrediamur3
792 3511 837 3574 sic
859 3509 1099 3594 gubernatorem
1115 3512 1205 3575 navis
1221 3512 1325 3574 ventis
1341 3511 1435 3577 iacta-

272 3627 323 3683 tae
346 3618 423 3682 deos
446 3619 601 3697 invocare,
629 3616 686 3681 sed
709 3640 771 3680 una
793 3617 915 3682 clavem
937 3639 1060 3702 regere3
1090 3620 1135 3681 sic
1157 3617 1336 3681 Hesiodum
1360 3640 1435 3703 quo-

272 3746 333 3812 que
356 3725 509 3810 agricolae
532 3724 711 3810 praecipere
735 3726 779 3788 ait
800 3732 837 3787 ut
851 3723 963 3788 Iovem
986 3732 1018 3787 et
1034 3723 1180 3788 Cererem
1202 3733 1357 3811 precetur,
1379 3723 1433 3788 sed

272 3840 417 3920 precetur
443 3840 577 3896 aratrum
604 3853 697 3894 manu
725 3838 848 3910 tenens,
880 3830 910 3893 h.
934 3852 959 3893 e.
987 3833 1091 3895 omnia
1117 3839 1224 3917 parata
1252 3831 1371 3895 habens
1394 3829 1431 3894 ad

273 3960 352 4027 opus
368 3938 476 4003 arandi
492 3937 724 4024 perficiendum.
757 3937 863 4000 Huius
879 3945 982 4001 autem
998 3939 1172 4002 sententiae
1187 3938 1320 4002 similem
1335 3937 1431 4024 prima

273 4047 383 4112 scholii
406 4046 504 4113 verba
525 4045 673 4110 referunt.
717 4044 790 4108 Hoc
818 4045 901 4108 enim
927 4053 1048 4109 tantum
1071 4047 1202 4110 interest
1223 4044 1308 4130 quod
1330 4047 1428 4132 priore
