3146 4832
818 238 859 301 14

257 429 461 496 Schellensii1
477 431 560 497 curis
571 431 773 496 Plutarchum
786 433 937 509 vitavisse
952 433 1072 497 hiatum
1083 432 1160 497 satis
1175 440 1307 513 constet,
1322 452 1421 519 pauca
1513 414 1516 421 ¹

256 539 346 605 nobis
369 539 464 603 liceat
485 561 695 624 praemonere.
733 538 827 604 Hanc
850 539 953 605 hiatus
974 538 1094 604 vitandi
1108 539 1211 624 legem
1226 539 1421 626 exploratum

255 653 305 710 est
335 645 537 711 Plutarchum
571 668 641 710 oum
674 646 742 710 aliis
775 647 980 732 scriptoribus
1011 647 1071 711 sibi
1098 647 1286 732 imposuisse
1314 647 1346 710 in
1374 648 1420 710 eis

256 752 382 838 scriptis
406 753 520 838 quibus
543 753 757 837 quaestionem
780 752 821 817 ad
844 753 1072 839 philosophiam
1097 752 1224 838 quidem
1246 762 1301 818 aut
1322 753 1421 817 histo-

256 862 334 924 riam
357 860 564 945 pertinentem
588 860 740 924 tractabat
763 859 921 945 eleganter
943 861 983 926 ab
1005 862 1075 946 ipsa
1095 861 1244 925 orationis
1268 860 1421 945 elegantia

256 965 400 1051 augenda
427 975 559 1031 nanctus
582 989 708 1032 oausam
734 967 838 1032 hiatus
866 966 986 1032 vitandi
1017 967 1093 1031 satis
1123 967 1329 1053 probabilem;
1364 966 1420 1031 sed

255 1076 483 1154 commentarii,
510 1072 595 1158 quod
622 1096 720 1159 genus
749 1076 936 1160 scriptorum
965 1075 1118 1139 instruere
1146 1076 1252 1160 potius
1279 1073 1421 1138 doctrina

255 1203 347 1265 quam
372 1180 525 1266 elegantia
552 1180 707 1247 delectare
731 1181 824 1260 solet,
857 1181 925 1245 sine
952 1180 1089 1271 hiatibus
1112 1182 1278 1267 compositi
1301 1181 1421 1245 nullum

256 1287 434 1373 exemplum
456 1296 565 1351 notum
589 1296 645 1352 est.
691 1286 756 1353 Sed
779 1288 901 1352 etiamsi
916 1287 1119 1352 Plutarchum
1143 1288 1303 1373 cognitum
1325 1288 1420 1354 habe-

255 1415 358 1458 remus
381 1394 433 1458 hic
455 1417 579 1479 quoque
602 1395 741 1459 tenuisse
757 1394 1016 1461 consuetudinem
1039 1394 1143 1459 hiatus
1160 1394 1290 1475 vitandi,
1312 1417 1352 1460 ne
1375 1397 1421 1459 ita

257 1501 384 1585 quidem
408 1524 460 1566 eas
483 1524 562 1586 quae
585 1501 688 1566 hiatus
705 1501 854 1567 exhibent
876 1502 1022 1586 reliquias
1038 1502 1252 1567 commentarii
1270 1502 1303 1566 in
1318 1504 1421 1588 suspi-

256 1608 377 1672 cionem
399 1632 512 1674 vooare
526 1609 644 1673 >liceret
667 1610 707 1673 ob
730 1608 763 1672 id
786 1610 889 1695 ipsum
912 1608 998 1694 quod
1022 1617 1095 1673 sunt
1109 1609 1258 1694 reliquiae
1282 1632 1321 1674 ex
1336 1631 1420 1673 com-

256 1716 407 1780 mentario
423 1716 462 1780 ab
478 1717 547 1781 aliis
563 1717 682 1780 hiatum
697 1717 800 1780 minus
817 1716 997 1780 curantibus
1013 1725 1179 1802 excerptae
1192 1724 1224 1781 et
1234 1716 1420 1802 discerptae.

362 1823 435 1887 Hoc
457 1847 553 1888 unum
582 1833 631 1888 est
658 1822 742 1908 quod
770 1823 969 1909 praemittere
998 1823 1169 1904 voluimus,
1196 1824 1327 1889 alterum
1349 1846 1420 1909 per-

256 1932 336 1995 tinet
354 1930 395 1994 ad
418 1931 605 1995 scholiorum
628 1929 669 1993 ad
692 1953 763 2016 opp.
780 1930 1008 2016 adscriptorum
1023 1932 1176 1995 rationem
1192 1930 1420 1997 condicionem-

256 2060 325 2122 que.
371 2037 462 2114 Quae
485 2037 603 2101 scholia
625 2038 725 2101 tribus
744 2038 820 2102 viris
844 2037 1011 2102 debentur:
1035 2038 1159 2116 Proolo,
1181 2038 1324 2118 Tzetaae‚
1347 2037 1420 2101 Mc-

257 2144 415 2230 sohopulo.
480 2144 532 2207 Ex
567 2144 616 2208 his
655 2144 785 2208 Proclus
822 2145 1041 2230 philosophus,
1078 2147 1132 2229 qui
1160 2143 1420 2209 Academicorum

256 2251 463 2316 recentiorum
482 2259 597 2316 sectam
621 2259 746 2315 secutus
770 2252 879 2336 quinto
898 2252 1028 2316 vivebat
1043 2252 1168 2316 saeculo
1191 2276 1221 2338 p.
1237 2251 1311 2317 Chr.
1327 2276 1366 2332 n,
1389 2252 1421 2316 in
1457 2239 1460 2244 Α

257 2380 341 2444 opp„
360 2359 616 2423 commentarium
645 2361 830 2445 composuit,
858 2381 1014 2444 quocum
1041 2359 1140 2423 multa
1165 2358 1422 2445 philosophorum

256 2465 381 2528 illorum
402 2464 496 2529 modo
520 2466 676 2529 subtiliter
706 2474 799 2550 atque
827 2474 934 2550 argute
958 2474 1142 2546 commenta,
1166 2475 1233 2529 tum
1254 2488 1332 2532 vero
1355 2488 1423 2531 cre·

257 2571 391 2637 berrima
413 2572 573 2638 Plutarchi
595 2573 725 2637 rationis
741 2571 966 2658 interpretandi
989 2581 1022 2636 et
1041 2572 1228 2637 emendandi
1252 2573 1423 2658 specimina

257 2701 296 2743 ex
324 2680 390 2743 eius
419 2680 639 2743 commentario
667 2679 816 2744 videlicet
844 2680 883 2743 ab
916 2679 970 2742 illo
992 2688 1154 2765 assumpta
1175 2679 1422 2744 continebantur.

258 2784 322 2849 Sed
344 2785 451 2850 Procli
473 2808 596 2871 quoque
619 2785 742 2850 libellus
767 2808 824 2850 sua
845 2784 910 2849 fata
933 2785 1058 2865 habuit;
1081 2785 1216 2851 decursu
1239 2786 1321 2852 enim
1344 2794 1423 2851 tem·

257 2892 342 2977 poris
372 2891 464 2957 valde
495 2892 649 2957 laceratus
682 2891 964 2978 additamentisque
997 2891 1187 2979 depravatus
1220 2901 1276 2958 est.
1326 2893 1423 2971 Quod
1468 2904 1473 2915 ¹

257 3022 350 3084 quam
378 2998 576 3064 incommode
603 2999 782 3064 Plutarohei
809 3000 1024 3064 commentarii
1050 2999 1234 3085 fragmentis
1262 3001 1294 3065 in
1317 3000 1422 3065 Procli

258 3106 442 3191 opuseulum
474 3108 598 3171 insertis
636 3106 784 3171 acciderit
814 3107 846 3169 in
878 3108 1043 3193 propatulo
1076 3116 1132 3172 est.
1195 3107 1318 3194 Nempe
1352 3130 1423 3172 cum

257 3212 431 3277 Proclianis
454 3213 608 3299 permulta
629 3214 760 3299 periisse
783 3212 931 3277 videntur
945 3214 1139 3294 Plutarchea,
1162 3223 1195 3278 et
1216 3215 1322 3279 multis
1344 3214 1422 3279 locis

258 3320 313 3384 ubi
335 3320 538 3384 Plutarchum
560 3320 691 3385 Proclus
721 3330 846 3385 secutus
874 3329 923 3386 est
950 3323 1084 3385 auctoris
1112 3343 1226 3386 nomen
1254 3321 1423 3403 intercidit,

258 3429 302 3490 ita
325 3435 361 3490 ut
387 3428 453 3491 fieri
481 3429 536 3492 vix
563 3428 664 3513 possit
691 3435 726 3490 ut
755 3427 939 3493 Plutarchea
966 3428 1080 3513 ubique
1109 3428 1185 3493 satis
1213 3436 1299 3493 certo
1327 3430 1424 3494 inter-

258 3556 432 3599 noscamus.

365 3640 430 3706 Sed
452 3643 515 3705 iam
537 3640 694 3726 quomodo
709 3642 825 3706 Tzetza
848 3642 938 3707 nobis
962 3642 1174 3708 aestimandus
1194 3644 1236 3707 sit
1250 3643 1423 3710 videamus.

258 3748 307 3828 Is,
340 3748 524 3835 compilator
550 3751 792 3834 impigerrimus‚
824 3749 1037 3835 ineptissimus
1065 3751 1158 3815 hcmc
1187 3753 1358 3836 ceteroqui,
1382 3751 1423 3816 ad

259 3854 395 3920 Hesiodi
418 3855 691 3941 interpretationes
719 3854 927 3920 conficiendas
950 3856 1055 3921 Procli
1082 3859 1337 3923 commentarium
1364 3861 1423 3922 im·

366 4090 375 4119 ¹
395 4088 543 4155 Schellens,
562 4088 596 4141 de
615 4088 693 4141 hiatu
712 4088 740 4140 in
759 4088 900 4143 Plutarchi
919 4090 1075 4143 moralibus.
1094 4091 1168 4162 (diss.
1189 4070 1287 4160 Bonn.)
1310 4092 1385 4146 1864.
