3146 4832
861 228 903 292 24

775 321 987 330 ------.

300 415 473 517 ἀρχομένης
498 419 618 516 ἡμέρας
656 425 763 508 (τοῦτο
784 422 844 516 γὰρ
866 423 902 493 τό
931 416 975 492 ὅτ’
1000 415 1043 507 δνζ
1064 422 1149 517 φάος
1171 422 1254 516 ίερδν
1283 422 1396 517 ἔλθη)
1421 426 1480 493 καί

299 529 345 611 είς
367 523 470 599 ὐπνον
493 532 712 622 τρεπομένους
734 530 847 613 νυκτός
874 530 1041 626 ἐπιούσης.
1070 531 1106 600 τό
1133 532 1194 619 μέν
1217 524 1274 601 οὐν
1298 532 1394 600 κατά
1419 531 1478 601 δύ·

299 665 394 723 ναμιν
416 635 520 729 ἐρδειν
536 631 724 729 ἀφαιρεῖται
738 640 849 706 πᾶσαν
863 639 920 731 τὴν
936 639 1149 708 πολυτέλειαν
1164 638 1226 707 ἐπί
1239 640 1279 729 τῇ
1295 638 1479 730 προφάσει

299 746 355 835 τῆς
377 740 542 831 εὐσεβείας
563 741 773 835 ἡδυπάθειαν
795 744 995 832 εἰσάγουσαν.
1019 748 1126 828 καλῶς
1148 738 1203 814 οὐν
1225 749 1280 814 τού
1304 745 1479 826 Λάκωνος

300 842 459 935 εἰπόντος,
493 844 530 932 ὃς
552 852 728 945 ἐρωτηθεὶς
759 852 815 920 διὰ
845 852 878 920 τί
910 848 1022 944 εὐτελῆ
1053 852 1187 921 θύουσιν
1211 851 1293 947 ἐφη·
1319 847 1395 921 ίότι
1423 856 1478 921 ἵνα

299 949 460 1038 πολλάκις
481 954 615 1027 θύωσά.
640 955 721 1027 οὕτω
743 956 803 1050 γάρ
826 960 884 1027 καί
907 962 1040 1046 Νούμας
1061 954 1228 1046 Ῥωμαίοις
1250 956 1294 1041 ὡς
1310 963 1477 1050 Λυκοῦρ-

299 1090 353 1152 γος
384 1065 660 1151 Λακεδαιμονίοις
686 1066 885 1157 προσέταξεν
918 1062 987 1135 άπὸ
1010 1071 1072 1135 τῶν
1104 1060 1341 1136 εὐτελεστάτων
1368 1059 1476 1135 θέειν.

299 1172 337 1240 τδ
360 1175 433 1259 γοῦν
460 1171 506 1262 μὴ
533 1168 749 1263 ὑπερβάλλειν
774 1173 832 1266 τὴν
860 1171 1051 1265 περιουσίαν
1078 1174 1112 1242 ἐν
1138 1178 1178 1266 τῇ
1204 1173 1384 1265 θεραπείην
1412 1177 1476 1241 τῶν

299 1282 389 1346 θεῶν
422 1279 703 1370 πρεπωδέστατόν
733 1281 801 1348 ἐστι
832 1280 1047 1370 παράγγελμα
1077 1287 1145 1362 τοῖς
1177 1279 1224 1362 είς
1254 1275 1338 1350 αὐτὸ
1373 1280 1476 1368 μόνον

299 1386 459 1472 βλέπουσι
489 1386 525 1454 τό
560 1381 658 1455 ὅσιον.
690 1387 748 1478 τὴν
781 1383 809 1454 δ
835 1382 962 1475 ἁγνείαν
989 1389 1046 1456 καί
1077 1387 1289 1481 καθαρότητα
1325 1385 1474 1474 μάλιστα
1534 1414 1535 1421 “

299 1494 548 1587 ,προηγουμένως
571 1497 621 1562 δεῖ
644 1493 840 1578 σπουδάζειν
862 1501 929 1576 τοῖς
951 1494 1120 1586 ἱερουργεῖν
1141 1495 1304 1581 μέλλουσι,
1331 1496 1393 1588 τὴν
1415 1496 1473 1580 μέν

300 1601 334 1668 ἐν
358 1596 440 1691 αὐτῇ
466 1604 506 1692 τῇ
539 1603 629 1692 ζωμ·
652 1593 783 1695 τοιαύτη
807 1602 843 1670 δέ
865 1603 952 1670 ἐστιν
985 1597 1042 1694 ὅση
1074 1594 1113 1670 όν
1146 1601 1276 1695 ἐξάντης
1308 1595 1332 1694 γ’
1363 1600 1473 1694 πάσης

300 1703 481 1795 ἀσελγείας,
508 1707 618 1802 πάσης
645 1703 787 1793 ἀδικίας,
815 1708 926 1801 πάσης
953 1708 1156 1795 ἐμπαθείας,
1188 1705 1306 1803 ταύτην
1342 1710 1407 1800 γάρ
1434 1701 1471 1776 δν

300 1811 450 1901 ε’ίποιμεν
473 1816 590 1906 κυρίως
617 1811 786 1902 ἁγνεύειν·
809 1815 865 1884 καί
895 1816 976 1902 μετὰ
1007 1815 1124 1909 ταύτην
1154 1815 1210 1906 τὴν
1242 1811 1378 1907 άποχὴν
1410 1820 1470 1883 ταῖν

299 1925 422 2011 βροτῶν
450 1924 508 1990 καὶ
533 1925 597 1990 τῶν
624 1925 735 1990 ποτῶν
762 1923 846 1990 κατὰ
873 1922 915 1990 τά
941 1920 1068 2014 πάτρια
1096 1921 1184 2016 ἔθη·
1208 1923 1266 1990 καί
1292 1922 1359 2015 γὰρ
1390 1914 1467 1990 άλλα
1534 1908 1535 1991 ί

300 2021 410 2109 άλλοις
431 2029 517 2097 ἐστίν
539 2019 583 2097 ὧν
605 2025 623 2098 δ
645 2030 809 2116 μετασχών
833 2027 973 2120 εἴργεται
993 2033 1056 2098 τῶν
1078 2029 1221 2117 νομίμων
1242 2035 1397 2099 θυσιῶν·
1415 2027 1466 2120 τὴν

300 2137 336 2204 δέ
351 2137 384 2203 ἐν
398 2142 467 2218 τοῖς
482 2134 627 2228 ὀργάνοις
648 2142 734 2205 πάσι
756 2136 813 2204 καί
827 2143 896 2217 τοῖς
911 2134 1009 2226 ῖεροῖς
1023 2136 1141 2218 τόποις
1162 2137 1196 2205 ἐν
1223 2129 1273 2218 οἷς
1295 2140 1350 2206 δεῖ
1376 2135 1458 2205 θύειν

299 2244 356 2310 καί
378 2249 447 2324 τοῖς
468 2243 548 2334 περὶ
570 2243 607 2312 τὸ
624 2249 718 2330 σῶμα
733 2240 823 2333 ἡμῶν
837 2242 980 2330 κόσμοις.
1004 2247 1126 2333 γελοῖον
1148 2244 1207 2336 γάρ
1222 2249 1291 2325 τοῖς
1306 2251 1461 2334 καθαρο
1534 2298 1535 2335 η

298 2348 409 2431 τάτοις
430 2348 635 2443 προσιόντας,
658 2343 708 2431 οἷς
729 2347 874 2435 θύουσιν,
897 2346 1096 2440 ἀκαθάρτοις
1117 2349 1258 2443 χρῆσθαί
1279 2376 1377 2436 τισιν,
1401 2343 1464 2440 ἢέν
1534 2342 1535 2347 ¹

298 2463 367 2538 τοῖς
387 2458 639 2543 μεμολυσμένοις
662 2455 764 2538 οἴκοις
785 2462 878 2527 τούτο
900 2457 1105 2550 πράττοντας
1131 2449 1152 2548 ἢ
1183 2463 1299 2550 μοῖραν
1323 2462 1371 2548 τῷ
1395 2455 1463 2545 ἔερς’

299 2563 522 2656 προσάγοντας
544 2563 582 2633 ἐκ
603 2592 689 2646 τινος
706 2564 926 2659 μεμιασμένης
945 2563 1104 2654 ἐνεργείας
1125 2557 1146 2655 ἢ
1170 2566 1293 2658 ἐσθῆτα
1309 2567 1465 2657 φέροντας

300 2669 496 2763 ἀκάθαρτον,
520 2668 606 2741 ὅπου
620 2697 656 2759 γε
671 2673 727 2739 καί
743 2674 787 2761 τῷ
803 2670 910 2740 πάντα
932 2671 1125 2764 καθαίροντι
1142 2673 1225 2761 πυρί
1241 2672 1463 2764 παρήγγελται

298 2783 439 2870 χρῆσθαι
464 2780 509 2870 μη
537 2779 573 2860 ἐξ
598 2775 788 2869 ἀκαθάρτου
817 2777 924 2859 οἰκίας
949 2779 1118 2872 ληφθέντι.
1146 2779 1184 2848 τδ
1208 2768 1249 2847 αὐ
1271 2778 1463 2848 ἱλάσκεσθαι

299 2887 372 2967 τούς
393 2886 490 2968 θεοὺς
511 2892 584 2966 ταῖς
606 2883 860 2978 άπαραλήπτοις
887 2889 1045 2966 σπονδαῖς
1071 2887 1128 2953 καί
1154 2893 1222 2968 τοῖς
1243 2888 1326 2972 μετὰ
1348 2884 1463 2954 τούτων

299 2993 393 3062 θύεσι
417 2991 590 3087 ἀρχομένης
612 2987 732 3086 ἡμέρας
754 2985 775 3082 ἢ
797 2991 920 3078 νυκτός,
948 2986 1016 3061 οἷον
1042 2999 1195 3081 ψαιστοῖς
1221 2985 1241 3084 ἢ
1264 2987 1378 3075 ὐίλλοις
1399 2986 1463 3058 τισί

299 3100 431 3185 τούτοις,
455 3099 671 3169 ἐνδείκνυται·
699 3100 756 3168 καί
783 3093 832 3168 ὅτι
853 3104 910 3193 χρῆ
933 3106 1005 3181 ταῖς
1026 3100 1189 3183 τοιαύταις
1212 3095 1378 3193 ἇπαρχαῖς
1399 3099 1462 3173 τοῖς

299 3201 502 3300 εὐπορίστους
525 3207 733 3299 ἀπάρχεσθαι
755 3209 818 3276 τῶν
836 3207 1005 3299 προσόδων
1020 3204 1138 3293 αὐτοῖς,
1162 3207 1218 3276 διὰ
1231 3210 1287 3298 τῆς
1303 3201 1462 3290 συνεχείας

299 3319 470 3408 τηροῦντας
501 3311 604 3382 αὐτῶν
635 3315 670 3384 τό
703 3314 789 3405 πρὸς
819 3312 904 3408 ἡμᾶς
934 3311 1124 3407 εὐμενές·η
1155 3315 1215 3406 γάρ
1248 3314 1377 3395 ίλέωσις
1408 3303 1461 3377 οὐκ

300 3420 438 3503 ἐκείνοις·
466 3421 681 3515 προστίθησιν
713 3415 736 3489 ἃ
761 3420 806 3515 μὴ
839 3417 937 3507 εἶχον,
970 3418 1038 3491 ἀλλ’
1072 3418 1156 3513 ἡμᾶς
1187 3419 1461 3518 ἐπιτηδειοτέρους

299 3527 434 3620 ποιήσει
456 3529 541 3618 πρὸς
562 3529 599 3597 τδ
622 3527 782 3616 μενόντων
809 3525 912 3598 αὐτῶν
939 3522 993 3598 άεί
1019 3529 1139 3598 τούτων
1165 3522 1295 3622 οἷοίπερ
1318 3527 1382 3596 εἶσὶ
1404 3548 1458 3610 με’

298 3637 400 3721 τέχειν
423 3629 616 3717 ἆκωλύτως·
639 3636 697 3704 καί
723 3641 815 3705 τοῦτο
842 3639 935 3730 δηλοῖ
960 3637 997 3706 τό
1027 3633 1165 3724 εὐμενές,
1196 3636 1235 3706 τὸ
1256 3637 1363 3723 μένειν
1386 3626 1457 3723 ἡμῖν

298 3744 336 3813 τὸ
361 3736 396 3811 εὐ
419 3738 471 3812 οῖεί
494 3744 587 3835 παρὰ
604 3749 667 3812 τῶν
682 3747 780 3828 θεῶν,
804 3744 861 3811 καί
877 3737 921 3825 ὥς
936 3744 1052 3813 ἐκεῖνοι
1067 3745 1269 3831 διαμένουσιν
1285 3739 1337 3812 άεί
1353 3735 1458 3827 ὅμοιοι

299 3846 394 3934 όντες.
444 3851 496 3916 De
523 3851 584 3916 hoc
614 3851 734 3916 scholio
761 3850 1024 3937 Wyttenbachius
1052 3852 1082 3937 (l.
1104 3852 1123 3918 1.
1146 3851 1184 3917 Π
1205 3876 1236 3939 p.
1256 3854 1330 3934 317)
1350 3841 1457 3911 ‘mani-

299 3955 406 4042 festo’,
428 3958 538 4046 inquit,
560 3953 799 4024 ‘Plutarcheum
822 3966 884 4040 est,
906 3959 1012 4024 nescio
1035 3959 1191 4046 quomodo
1214 3961 1248 4024 in
1269 3964 1376 4023 nostra
1397 3946 1457 4014 001·

299 4065 434 4133 lectione
457 4062 623 4132 omissum.³
671 4066 726 4132 Ad
747 4068 807 4132 hoo
829 4065 989 4151 iudicium,
1011 4067 1110 4156 quod,
1131 4075 1168 4132 ut
1190 4066 1353 4145 oredimus,
1374 4062 1454 4125 reete
