3146 4832
830 249 870 312 lo

270 444 473 536 Μελπομένη
495 443 688 533 τραγῳδίαν·
738 484 740 539 Ι
796 441 833 511 τδ
857 437 899 511 δι’
924 435 1012 510 δίτων
1034 443 1090 510 καὶ
1113 435 1295 533 ὀφθαλμῶν
1317 435 1432 531 ἡδονῆς

738 546 740 625 l
884 545 1017 631 εἶδος..
1047 549 1249 640 Μελπομένη

273 654 454 747 Τερψιχόρη
473 653 689 744 κιθαρῳδίαν·
738 674 740 719 1
797 658 852 724 καὶ
872 655 1054 748 Τερψιχόρη
1077 658 1329 744 παραλαβοῦσαι
1354 678 1430 721 κοσ-

739 838 740 889 η
885 767 1007 849 μοῦσιν.

269 863 387 960 Ἐρατώ
410 868 566 960 ποίησιν·
738 922 741 989 η
797 877 867 951 ταῖς
900 871 977 959 περὶ
1012 869 1180 938 συνουσίαν
1215 871 1378 949 σπουδαῖς
1411 862 1431 957 ἡ

230 1034 234 1041 .
885 971 1005 1065 Ἐρατώ
1028 979 1190 1065 παροῦσα.

270 1082 453 1167 Πολύμνεια
471 1081 681 1171 γεωμετρίαν·
798 1080 817 1176 ἡ
845 1083 1015 1169 Πολύμνια
1042 1087 1098 1151 τοῦ
1124 1086 1333 1174 φιλομαθοῦς
1363 1082 1431 1149 ἐστι

886 1191 942 1258 καὶ
965 1192 1160 1282 μνημονικοῦ
1182 1193 1240 1279 τῆς
1262 1192 1375 1279 ψυχῆς.

273 1289 413 1385 Οῦρανία
436 1289 659 1385 ἀστρονομίαν.
739 1296 741 1321 '
799 1351 806 1364 .
832 1352 839 1364 .
862 1300 1008 1384 τιθιῦμεν
1031 1296 1173 1387 περὶτὰ
1197 1290 1330 1385 οῦροίνια
1353 1294 1433 1380 μίαν

739 1450 740 1517 η
885 1407 949 1471 τιῦν
972 1408 1124 1487 Μουσῶν,
1148 1397 1169 1495 ἣ
1190 1396 1333 1492 Οῦρανία
1352 1402 1432 1493 φαί-

739 1522 740 1555 l
886 1537 984 1579 νεται.

374 1616 467 1682 Alter
487 1616 576 1681 locus
604 1625 653 1681 est
675 1616 715 1682 de
738 1617 800 1683 def.
823 1639 903 1682 orac.
934 1639 1000 1703 cap.
1023 1620 1075 1682 43.
1119 1617 1171 1682 Ibi
1198 1616 1342 1682 laudatur
1364 1615 1434 1680 He-

270 1722 386 1804 siodus,
409 1723 493 1808 quod
516 1723 627 1788 melius
657 1746 749 1809 quam
780 1724 920 1788 nonnulli
949 1724 1127 1810 philosophi
1154 1732 1268 1789 terram
1297 1722 1433 1790 πάντων

269 1832 342 1912 ἕδος
368 1825 524 1921 ἀσφαλές,
547 1830 577 1895 h.
597 1853 623 1895 e.
646 1833 876 1917 sempiternam,
901 1831 1066 1917 appellarit
1088 1834 1128 1913 (v.
1154 1834 1241 1911 117>3
1265 1830 1434 1896 scholiasta
1531 1844 1555 1877 '-

268 1937 346 2001 nihil
368 1938 430 2002 tale
454 1937 538 2002 dicit

373 2044 487 2111 Restat
509 2053 545 2110 ut
567 2067 666 2131 pauca
681 2044 820 2110 dicamus
836 2044 876 2110 de
898 2046 975 2109 locis
999 2046 1099 2110 tribus
1123 2067 1201 2130 quos
1217 2044 1258 2109 ad
1272 2044 1434 2109 Plutarchi

268 2152 485 2216 auctoritatem
516 2151 695 2216 referendos
729 2175 798 2217 esse
827 2153 929 2239 possit
958 2152 1070 2239 aliquis
1103 2152 1267 2238 suspicari:
1301 2173 1434 2236 quorum

268 2281 348 2322 unus
381 2267 430 2323 est
460 2260 492 2322 in
506 2264 509 2267 ’
524 2259 613 2324 brevi
644 2259 840 2345 praefatione
868 2260 994 2325 scholiis
1021 2261 1204 2346 praemissa:
1249 2261 1369 2345 μοῦσαι
1397 2259 1433 2325 δὲ

269 2365 452 2457 ἐκλήθησαν
476 2361 520 2446 ὡς
549 2360 630 2452 ὁμοῦ
656 2359 710 2435 olel
737 2357 838 2435 oriona
890 2366 963 2431 Hoc
990 2367 1072 2431 enim
1099 2364 1194 2430 modo
1224 2364 1333 2429 eodem
1356 2364 1433 2429 Plu-

267 2472 393 2537 tarchus
416 2495 574 2537 musarum
597 2496 709 2537 nomen
733 2474 869 2559 explicat
891 2473 931 2538 de
953 2473 1024 2538 hat.
1041 2496 1099 2537 am.
1121 2496 1189 2559 cap.
1207 2475 1236 2553 6,
1260 2495 1331 2536 cum
1354 2471 1433 2536 dicit

269 2588 304 2643 ut
327 2574 408 2665 ὁμοῦ
431 2573 473 2647 δι)
498 2574 623 2648 εῦνοιαν
645 2575 698 2648 ἀεὶ
724 2582 781 2647 καί
808 2580 1026 2671 φιλαδελφίαν
1054 2572 1151 2660 οῦσας
1177 2601 1282 2644 musas
1310 2579 1354 2643 ita
1376 2601 1433 2642 no-

268 2688 400 2751 minatas
424 2709 534 2751 esse'a
557 2685 697 2751 Graecis.
742 2687 791 2751 Ea
813 2710 889 2751 vero
912 2688 1046 2767 notatio,
1075 2689 1101 2750 si
1128 2686 1275 2751 Flachius
1304 2684 1433 2771 quidem

267 2802 351 2858 recte
381 2792 505 2873 docet¹‚
535 2793 699 2878 singularis
729 2802 796 2858 erat
824 2816 883 2858 nec
910 2792 1001 2878 longe
1024 2802 1208 2880 propagata,
1234 2795 1280 2857 ita
1302 2800 1338 2856 ut
1359 2815 1433 2878 pro-

268 2902 387 2986 piorem
411 2899 566 2985 quandam
590 2900 752 2985 utriusque
775 2900 836 2965 loci
860 2900 1044 2964 affinitatem
1066 2908 1173 2965 nostro
1197 2902 1263 2964 iure
1280 2907 1433 2964 statuere-

268 3029 347 3087 mus,
369 3007 430 3070 nisi
453 3015 555 3071 totum
578 3005 729 3071 scholium
757 3008 897 3093 exceptis
920 3006 1025 3072 verbis
1053 3007 1114 3072 illis
1137 3006 1216 3071 adeo
1239 3008 1377 3071 ieiunum
1400 3016 1433 3070 et

269 3136 308 3178 ex
335 3121 424 3199 parte
447 3114 589 3199 ineptum
612 3136 713 3199 neque
737 3114 830 3178 ullius
853 3114 945 3200 pretii
969 3114 1061 3178 esset.
1106 3114 1265 3200 Imprimis
1288 3136 1367 3198 quae
1390 3113 1432 3176 ad

268 3221 461 3285 notationem
477 3221 562 3284 illam
578 3220 805 3306 explanandam
821 3220 978 3284 adduntur
1000 3220 1029 3288 εἰ
1052 3219 1111 3310 γὰρ
1136 3223 1191 3289 καὶ
1213 3219 1298 3288 ἴδιον
1313 3223 1431 3310 κλῆρον

270 3326 387 3420 ἓκοίστη
411 3322 581 3419 ειληχεν,
563 3356 583 3418 η
606 3329 666 3413 μὲν
688 3324 950 3456 ἀστρονομίας,
931 3356 951 3395 ν
940 3323 1005 3395 δὲ
1024 3328 1223 3416 γεωμετρίας,
1248 3356 1267 3419 η
1292 3327 1327 3394 δὲ
1351 3329 1431 3394 καλ-

268 3434 423 3518 λιεπείας,
448 3429 566 3525 ηδὲ
551 3428 642 3502 ιλδων
666 3436 722 3502 ιαὶ
746 3432 840 3524 ετέρα
864 3432 994 3523 ἑτέρων,
1024 3428 1132 3501 αλλ’
1117 3461 1149 3501 εν
1173 3432 1291 3525 εἰοίστη
1319 3433 1433 3515 παίσας

269 3543 355 3609 εστὶν
377 3536 486 3628 ευρεῖν
518 3542 549 3609 ἐν
579 3539 638 3628 γὰρ
669 3536 863 3631 ἀστρονομίᾳ
892 3542 949 3609 aul
979 3539 1175 3665 γεωμετρίαν
1204 3536 1291 3631 εῦροι
1320 3569 1370 3621 τις
1393 3533 1432 3608 δν

268 3649 325 3717 καὶ
353 3647 511 3729 καλλος
496 3651 586 3715 επῶν
613 3675 668 3716 και
699 3646 842 3737 ἱστορίαν
872 3649 928 3715 καὶ
954 3651 1017 3714 τιῦν
1045 3650 1216 3715 λοιπιῦν“
1199 3674 1331 3716 εναστον
1358 3648 1431 3713 vilis

268 3755 459 3841 grammatici
483 3754 625 3818 redolent
647 3756 840 3840 sapientiam.
878 3754 952 3832 Quo
968 3754 1050 3818 enim
1073 3755 1167 3819 modo
1190 3758 1222 3819 in
1244 3758 1313 3842 ipsa
1331 3764 1432 3819 astro-

269 3864 374 3926 nomia
389 3860 606 3947 deprehendas
623 3861 740 3941 κάλλος
755 3863 845 3928 ἐπῶν
862 3869 895 3925 et
909 3862 1042 3946 reliquas
1059 3871 1141 3928 artes
1157 3866 1285 3927 omnes?
1312 3862 1432 3928 Contra

377 4092 627 4163 ¹OEllpffi
