3146 4832
750 151 961 284 *a*

272 378 299 442 si
322 374 390 443 s¹ola
411 377 503 446 nobis
526 377 642 447 tradita
664 386 779 460 essent,
801 377 958 464 quomodo
982 377 1023 453 ad
1045 377 1142 445 verba
1164 385 1277 465 poetae
1298 378 1436 466 pertine-
1547 370 1548 445 l

271 493 343 550 rent
363 484 448 550 haud
470 485 564 553 facile
586 486 824 572 perspiceretur.

375 592 471 657 Ratio
503 600 608 661 autem
640 593 737 661 altera
768 592 989 680 aChrysippo
1021 592 1128 671 Stoico
1159 593 1288 671 inducta
1319 592 1436 665 diserte

270 698 505 767 commendatur
527 698 568 765 de
590 698 661 767 aud.
683 708 767 786 poet.
790 723 857 787 cap.
875 705 915 769 12
940 700 990 783 (cf.
1012 725 1043 787 p.
1062 704 1122 784 17).
1141 769 1144 776 ,
1167 700 1315 773 Cernitur
1342 702 1435 765 etiam

269 806 303 869 in
324 806 433 893 hagar
457 811 496 873 11
521 807 678 891 (Duebn.),
700 808 754 875 ubi
776 807 817 873 ad
840 831 870 875 v.
894 811 972 875 348:

426 910 493 982 ota
519 907 558 983 όν
579 921 657 1003 βοῦς
680 910 836 999 ἀπόλοιτ’,
861 914 891 989 εἰ
911 913 957 1006 μη
980 912 1207 1004 γείτωνζκακός
1228 912 1277 1008 εἰἠ

268 1027 372 1103 mente
402 1020 518 1089 addere
541 1022 685 1091 iubemur
706 1044 786 1107 quae
813 1023 874 1087 aha
901 1045 959 1109 per
981 1023 1119 1097 vicinum
1148 1022 1250 1108 perire
1279 1021 1403 1107 possint
1416 1024 1435 1086 ¹,
1495 1007 1498 1011 ’
1547 1040 1548 1053 ’

269 1127 364 1194 Tales
395 1126 524 1213 quidem
545 1129 705 1195 Plutarchi
737 1129 966 1203 admonitiones
999 1131 1149 1216 patimur3
1181 1151 1273 1214 aegre
1304 1128 1434 1209 femmas

270 1257 340 1299 eum
370 1257 440 1301 oum
470 1237 700 1323 vituperatione
733 1235 889 1309 dicentem
916 1236 967 1321 (of.
990 1261 1020 1324 p.
1045 1240 1098 1320 11)
1129 1234 1308 1314 Hesiodum
1329 1239 1434 1320 {aequo

267 1341 396 1407 brevius
417 1343 556 1409 locutum
579 1366 663 1411 esse:

424 1452 481 1518 καὶ
503 1452 661 1541 κεραμεὺς
682 1457 818 1541 κεραμεῖ
839 1452 944 1525 κοτέει
966 1452 1023 1523 καὶ
1046 1451 1169 1527 τέκτονι
1191 1451 1323 1519 τέκτων.

265 1555 359 1621 Hanc
381 1557 464 1623 enirn
486 1557 647 1629 hominum
669 1560 751 1627 inter
773 1580 808 1623 se
830 1559 1069 1635 aemulationem
1091 1581 1184 1644 quarn
1208 1558 1293 1635 varie
1315 1555 1434 1635 descri-

265 1662 339 1728 bere
362 1664 459 1731 vellet
480 1672 592 1750 poetae
615 1665 743 1732 arbitrio
766 1668 966 1730 commissum
989 1674 1064 1733 erat.
1361 1686 1363 1689 ·

370 1771 517 1857 Denique
540 1771 713 1839 videamus·
726 1795 801 1843 num
823 1773 922 1859 probe
937 1772 1126 1843 Plutarchus
1148 1779 1181 1837 et
1203 1770 1339 1849 Hesiodi
1362 1793 1432 1843 sen-

265 1879 380 1945 tentias
411 1879 497 1965 ipsas
527 1888 561 1944 et
589 1902 695 1947 earum
726 1882 809 1951 iuter
838 1902 1056 1946 se.conexum
1087 1879 1203 1964 ubique
1235 1878 1433 1957 intellexerit.

262 1985 337 2051 Hoc
367 2008 516 2071 quaerere
548 2009 611 2055 non
642 2009 908 2074 supervacaneum
927 2008 1012 2061 enm
1042 1989 1204 2073 putavisse
1236 1983 1356 2071 liquido
1379 1984 1434 2053 de·

262 2101 417 2161 monstrat
431 2094 547 2180 ¹fragm.
565 2098 615 2175 17,
638 2095 693 2165 ubi
715 2094 920 2181 probabiliter
942 2096 1166 2169 sententiarum
1189 2115 1343 2174 conexum
1365 2092 1432 2179 pla-

261 2200 434 2290 numjfecit
468 2202 732 2288 (cfip.15sq.):
763 2225 802 2271 eu
824 2202 921 2288 igitur
942 2202 1041 2288 magis
1064 2203 1176 2281 mirum
1200 2199 1326 2277 videtur
1348 2198 1433 2285 quod

261 2309 330 2372 aliis
353 2309 433 2373 locis
456 2332 518 2395 qua
540 2311 661 2383 ratione
684 2310 858 2381 sententiae
878 2311 964 2387 'inter
985 2332 1019 2381 se
1035 2309 1221 2389 cohaereant
1243 2307 1321 2375 nihil
1336 2314 1434 2371 curat.

262 2415 315 2479 Sic
337 2416 369 2483 in
392 2416 502 2502 fragm.
526 2420 565 2483 21
581 2423 601 2498 ²,
624 2416 678 2491 ubi
701 2417 804 2505 agitur
825 2415 866 2483 de
889 2439 984 2485 versu
1009 2419 1091 2487 380:

418 2522 541 2592 πλείων
562 2525 623 2609 μὲν
646 2522 792 2593 πλεόνων
808 2525 936 2618 μελέτη,
958 2523 1075 2611 μείζων
1098 2519 1125 2591 d‘
1144 2520 1303 2628 ἐπιθήκη,

203 2636 205 2641 ’
259 2630 446 2697 Plutarchus
474 2630 702 2717 proculdubio
726 2628 870 2703 πλεόνων
893 2654 951 2717 pro
973 2631 1121 2717 genetivo
1144 2630 1284 2711 neutrius
1306 2629 1433 2714 generis

260 2737 476 2824 accipiendum
505 2760 575 2803 esse
598 2746 631 2802 et
659 2736 700 2802 de
722 2739 891 2804 maioribus
921 2737 1043 2811 divitiis
1065 2738 1128 2809 dici
1158 2738 1330 2818 existimat,
1359 2760 1433 2813 cum
1478 2787 1482 2792 .

258 2853 363 2910 tamen
393 2845 560 2910 manifesto
588 2844 667 2917 illud
696 2845 841 2917 πλεόνων
872 2846 1026 2915 referatur
1055 2845 1096 2921 ad
1125 2842 1295 2937 πλεόνεσσι
1318 2867 1432 2910 versus

259 2953 394 3038 proximi
416 2956 518 3037 (assa

418 3067 486 3150 ῥεῖα
510 3062 548 3129 da'
570 3089 626 3131 κεν
648 3060 821 3131 πλεόνεσσι
844 3060 954 3149 πόροι,
968 3059 1051 3143 Ζεὺς
1073 3055 1215 3133 όσπετον
1232 3051 1330 3148 ’όλβον

259 3175 291 3234 et
319 3168 461 3254 genetivi
483 3165 633 3237 obiectivi
663 3169 733 3235 loco
761 3168 801 3237 de
824 3167 966 3255 pluribus
988 3169 1061 3241 liliis
1084 3168 1204 3245 dictum
1226 3168 1324 3235 sitin
1346 3168 1431 3237 hanc

363 3420 434 3475 1Ἢ
445 3411 476 3474 οὗ
493 3421 575 3490 μόνον
592 3420 636 3475 τὸν
650 3418 717 3475 κατὰ
735 3419 782 3491 τὴν
795 3419 892 3493 κώμην
909 3421 1009 3492 γείτονα
1027 3423 1053 3499 (.
1069 3418 1103 3493 .),
1122 3418 1185 3475 ἀλλὰ
1204 3419 1235 3474 τὰ
1248 3417 1332 3490 κτήνη
1351 3417 1383 3474 τὰ
1401 3418 1432 3474 ἓν

256 3508 377 3578 ἀγροικίᾳ
396 3509 413 3579 ἢ
431 3516 483 3563 πᾶν
501 3510 587 3564 ὁτιοῦν
605 3517 700 3580 κτῆμα.
772 3507 775 3511 ’

362 3599 373 3629 ²
390 3598 503 3670 Μήποτε
522 3599 559 3665 δὲ,
579 3599 660 3670 φησίν
678 3600 693 3653 ὅ
710 3600 897 3670 Πλούταρχος,
923 3599 1008 3655 ε’κεῖνο
1025 3599 1091 3670 λέγει
1110 3593 1140 3654 τό
1157 3605 1203 3655 τοῦ
1221 3597 1370 3669 Λάμπιδος,
1388 3601 1429 3654 ὅτι

253 3688 350 3743 πλείων
368 3688 416 3759 μὲν
434 3690 451 3760 ἡ
471 3690 578 3758 φροντὶς
602 3689 644 3743 ἐπὶ
668 3697 714 3743 τοῦ
737 3691 855 3749 πλείονος
877 3690 1004 3745 πλούτου·
1030 3693 1130 3760 μείζων
1148 3690 1178 3745 δὲ
1195 3676 1369 3760 ,η’ἒπίδοσις,
1394 3691 1430 3760 ἣν

253 3778 386 3849 ε’πιθήκην
404 3777 483 3844 εἶπεν,
509 3779 589 3834 αὐτοῦ
609 3781 780 3844 σοναύξοντος
803 3779 895 3835 ἑαυτὸν
913 3788 959 3835 τοῦ
977 3781 1090 3835 πλούτου
1109 3781 1152 3836 διὰ
1170 3780 1217 3851 τὴν
1234 3787 1289 3835 τῶν
1307 3780 1429 3850 ὀργάνων

252 3868 440 3943 εὐπορίανζκαὶ
459 3876 512 3924 τῶν
525 3870 671 3941 ὑπηρετῶν.
691 3871 766 3926 dcccl
780 3871 796 3923 ό
808 3871 915 3941 Λάμπις
933 3873 1038 3942 εἴρηκεν
1052 3871 1196 3941 ἐρωτηθεὶς
1214 3877 1272 3930 πῶς
1286 3870 1427 3940 ἐκτήσατο,

250 3950 306 4013 ετόν
322 3958 376 4034 μὲν,
390 3960 497 4030 ὀλίγον’,
517 3961 578 4032 ἔφη,
594 3963 602 3981 ‘
605 3962 735 4031 χαλεπῶς,
754 3960 798 4016 τόν
812 3959 841 4015 δὲ
859 3960 941 4016 πολὺν
958 3961 1065 4033 ῥηιδίως,
1079 3963 1186 4025 πολλῶιι
1202 3962 1287 4017 ὄντων
1305 3961 1357 4032 ἤδη
1372 3967 1429 4016 τῶν

252 4049 472 4123 ὖπονργούντων.’
1176 4036 1179 4042 ⁴
