3146 4832
765 255 960 352 ‚Al-

396 448 556 533 Patzigius
572 448 601 530 (l.
613 448 632 512 l.
655 472 685 534 p.
698 451 739 514 25
756 455 833 534 sqq.)
849 448 1017 513 Plutarcho
1041 448 1118 514 haec
1141 471 1180 513 ex
1195 448 1300 513 Procli
1323 447 1452 513 scholiis

290 553 456 620 adscribit:

397 661 558 727 Scholium
580 661 621 726 ad
644 685 673 728 v.
699 665 761 727 198
785 684 852 748 sqq.
875 661 1016 747 (Gaisf.):

448 770 505 836 καί
527 768 598 838 τότε
621 770 660 860 δὴ
683 768 768 858 πρὸς
782 761 952 855 ’Όλυμπον
975 766 1044 839 ἀπὸ
1066 769 1182 854 χθονὸς
1205 762 1384 859 εὐρυοδείης

448 879 587 944 λεακοῖσι
610 877 774 967 φαρέεσσι
788 877 1009 964 καλυψαμένω
1032 875 1111 966 χρόα
1133 875 1231 945 καλόν

449 977 621 1051 ἀθανάτιον
642 984 724 1068 μετὰ
746 986 846 1074 φῦλον
869 982 937 1051 ῖτον
959 977 1152 1072 προλιπόντ)
1177 976 1371 1071 ἀνθρώπους

404 1106 407 1112 ’
449 1088 565 1171 Αἰδώς
587 1091 643 1158 καί
668 1091 824 1176 Νέμεσις·
839 1091 879 1159 τὰ
902 1092 938 1158 δὲ
962 1090 1110 1178 λείψεται
1132 1082 1229 1177 ἀλγεα
1251 1087 1348 1178 λυγρὰ

448 1204 581 1288 θνητοῖς
604 1190 830 1287 ἀνθρώποισι·

290 1305 435 1372 zomata
467 1304 504 1373 τδ
540 1308 601 1372 τῶν
630 1310 738 1372 κακών
774 1303 932 1389 ἔσχατον·
964 1300 1131 1385 ἀναιδείας
1161 1302 1220 1394 χάρ
1251 1300 1456 1396 κρατησάσης

292 1413 347 1479 καί
379 1411 507 1503 φθόνου
538 1418 602 1480 τῶν
634 1405 821 1501 ἀνθρώπων
852 1411 958 1502 πάντη
984 1411 1021 1480 τό
1051 1412 1138 1499 γένος
1161 1405 1250 1501 ἡμῶν
1272 1406 1455 1480 ἀπολιπεῖν

291 1518 376 1585 αἰδοῖ
406 1520 462 1587 καί
493 1520 644 1605 νέμεσιν·
669 1518 787 1587 τούτων
817 1519 875 1608 γάρ
906 1512 1102 1600 ἀπόπτωσίς
1133 1519 1218 1586 ἐστιν
1253 1512 1273 1608 ἦ
1304 1513 1455 1586 ἀναίδεια

291 1626 348 1693 καί
371 1621 388 1693 ὃ
411 1626 545 1717 φθόνος.
570 1620 639 1694 ἀλλ’
665 1616 758 1707 οὗτος
779 1627 838 1712 μὲν
861 1624 993 1694 εῖδωλον
1017 1617 1061 1693 ὐίν
1083 1626 1370 1711 νεμέσεως··δοκεῖ
1392 1625 1455 1714 χάρ

292 1729 387 1813 αὐτὸς
418 1734 476 1801 ἐπὶ
508 1741 574 1815 τοῖς
609 1731 689 1822 παρ’
729 1729 821 1815 ἀξίαν
858 1729 1046 1817 εὐτυχοῦσιν.
1082 1727 1102 1822 η
1135 1734 1171 1800 δὲ
1203 1729 1352 1800 ἀναίδεια
1385 1725 1455 1817 οὐχί
1536 1780 1537 1787 1

292 1837 425 1908 εῖδωλον
445 1846 502 1931 τῆς
525 1840 641 1925 αίδοῖς,
666 1834 748 1908 ἀλλὰ
771 1838 808 1909 τὸ
825 1839 1051 1908 ἐναντιώτατον
1075 1839 1159 1929 πρὸς
1182 1833 1289 1930 αὐτήν,
1314 1834 1453 1929 ὐποκρι-
1536 1848 1537 1855 ’

292 1945 419 2032 νόμενον
441 1944 495 2038 τὴν
518 1947 710 2039 παρρησίαν.
743 1947 772 2016 εί
804 1949 839 2015 δὲ
865 1946 962 2015 λευκὰ
992 1946 1034 2014 τά
1065 1944 1153 2038 φάρη
1183 1952 1240 2038 τῆς
1262 1945 1375 2027 αἰδοῦς
1398 1949 1454 2014 καί
1536 2016 1537 2029 ,

292 2053 454 2138 νεμέσεως,
478 2055 511 2121 ἐν
534 2055 619 2145 φωτὶ
641 2056 700 2140 μὲν
723 2047 837 2123 αὐταῖν
859 2048 879 2144 ἦ
903 2048 1091 2136 ὑπόστασις,
1115 2054 1221 2142 νοεραὶ
1244 2054 1279 2122 δὲ
1302 2052 1336 2121 αῖ
1358 2053 1452 2121 δυνό-

291 2187 369 2245 μεις.
411 2158 525 2250 πόρρω
557 2162 594 2229 δέ
625 2161 687 2229 εἰσι
718 2164 775 2252 τῆς
806 2155 908 2228 ἀθέου
940 2162 997 2228 καί
1028 2160 1210 2241 σκοτώδους
1240 2163 1302 2227 τῶν
1328 2164 1446 2228 παθών

293 2263 420 2348 οὐσίας·
438 2267 488 2335 διὸ
512 2266 568 2359 τὴν
589 2268 649 2354 μὲν
673 2268 755 2336 αἶδώ
777 2274 870 2336 θεῖον
892 2266 995 2358 φόβον
1018 2262 1175 2353 ὑμνοῦσιν,
1199 2265 1257 2357 τὴν
1279 2268 1315 2335 δὲ
1329 2268 1451 2353 νέμεσιν
1536 2308 1537 2339 ι

292 2373 382 2467 δίκης
406 2369 542 2463 ἀγγελον.
567 2379 674 2455 καλώς
697 2367 752 2443 οὐν
768 2376 823 2443 καί
838 2373 978 2442 Πλάτων
1001 2375 1176 2467 ἐρωτηθείς
1197 2374 1229 2442 τί
1244 2401 1326 2442 ποτε
1350 2372 1450 2461 προσ-

292 2481 397 2568 γέγονε
418 2489 486 2562 τοῖς
508 2475 580 2549 κατ>
609 2479 706 2551 αὐτόν
733 2479 925 2572 ἀνθρώποις
952 2480 1147 2569 ἀπεκρίνατο
1176 2479 1221 2570 μὴ
1243 2480 1453 2566 αἰσχύνεσθαι

292 2586 412 2669 κακούς
435 2583 537 2670 όντας.
563 2585 610 2658 ότι
636 2591 672 2658 δὲ
696 2595 789 2657 θεῖον
812 2595 950 2677 πρᾶγμα
972 2589 1029 2655 καί
1052 2581 1214 2677 ἦνέμεσις
1236 2590 1327 2681 δηλοῖ
1341 2588 1378 2656 τό
1397 2588 1453 2655 καί

292 2701 383 2776 θεοῖς
405 2692 503 2786 αὐτὴν
529 2692 694 2785 ὐποίρχειν.
740 2695 780 2760 Id
812 2694 939 2781 quidem
970 2694 1121 2759 scholium
1153 2716 1214 2758 non
1246 2695 1292 2758 ita
1321 2694 1454 2759 fidenter

292 2802 460 2866 Plutarcho
495 2803 612 2867 tribuit.
667 2802 793 2887 Allegat
826 2810 930 2866 autem
961 2801 1001 2866 de
1029 2802 1100 2866 virt.
1128 2823 1203 2865 mor.
1231 2823 1297 2887 cap.
1322 2804 1372 2883 12,
1398 2801 1451 2865 ubi

292 2908 437 2993 leguntur
455 2909 552 2974 verba
574 2909 630 2977 καί
653 2904 672 3000 η
696 2909 821 2993 νίμεσις
844 2909 905 2976 ἐπὶ
926 2908 1000 2989 τούς
1022 2907 1100 2999 παρ’
1125 2904 1218 2991 ἀξίαν
1241 2907 1448 2992 εὐτυχοῦντας.

292 3024 380 3082 Haec
408 3015 516 3095 verba,
542 3038 622 3100 quae
648 3015 715 3089 iere
745 3014 854 3079 eadem
882 3016 915 3078 in
944 3015 1064 3080 scholio
1092 3023 1180 3096 sunt,
1207 3023 1315 3080 nostro
1338 3013 1450 3079 iudicio

293 3123 369 3187 satis
393 3121 563 3187 ostendunt
585 3121 745 3186 Plutarchi
768 3130 888 3208 partem
912 3144 981 3187 esse
1004 3121 1122 3186 scholii.
1168 3121 1232 3187 sed
1250 3122 1347 3187 verba
1369 3121 1399 3189 εὶ
1419 3122 1453 3189 δὲ

292 3227 388 3298 λευκά
405 3283 412 3296 .
430 3283 437 3296 .
456 3283 463 3296 .
481 3283 488 3296 .
506 3235 629 3296 παθών
653 3225 764 3309 οὐσίας
786 3228 961 3294 abstrusam
979 3228 1083 3293 Procli
1106 3229 1291 3315 sapientiam
1306 3227 1454 3293 videntur

292 3335 441 3401 redolere.

399 3442 558 3508 Scholium
581 3442 621 3507 ad
645 3466 674 3507 v.
698 3446 761 3508 238
785 3441 927 3525 (Gaisi.):

452 3549 593 3617 πολλάκι
616 3550 673 3617 καὶ
695 3549 849 3637 ξύμπασα
872 3547 970 3628 πόλις
992 3552 1094 3617 κακοῖν
1117 3543 1232 3637 ἀνδρὸς
1254 3543 1396 3636 ἀπήυρα.

292 3660 386 3724 τοῦτο
410 3659 499 3724 δοκεῖ
525 3657 585 3743 μὲν
614 3653 672 3725 οὐκ
698 3651 779 3725 εἶναι
809 3655 891 3724 κατὰ
919 3654 1010 3747 δίκην
1036 3652 1073 3722 τό
1097 3653 1168 3735 ἑνός
1195 3656 1289 3722 ἕνεκα
1311 3659 1454 3747 πονηροῖ

293 3760 393 3831 πόλιν
425 3758 499 3857 όλην
532 3763 657 3832 διδόναι
688 3762 814 3853 ποινήν.
849 3761 980 3829 δόναται
1012 3762 1048 3829 δὲ
1080 3763 1184 3849 λέγειν
1214 3756 1264 3830 ὅτι
1289 3765 1453 3854 μοχθηροῦ

294 3870 365 3952 ἑνὸς
387 3865 475 3951 όντος
497 3868 606 3962 ὥσπερ
629 3869 807 3960 νοσήματος
829 3865 964 3958 ἡπόλις
986 3860 1270 3959 παραπολαόουσα
1293 3867 1452 3948 πολλάκις

293 3978 338 4059 εἰς
360 3975 435 4071 όλην
459 3976 573 4069 ἑαυτὴν
595 3975 808 4062 ἀναμάττεται
830 3975 887 4066 τὴν
909 3974 1068 4069 πονηρίαν
1090 3976 1313 4066 ἑξομοιουμενη
1335 3980 1380 4063 τηῖ
1396 3972 1449 4041 ἑνί.

293 4084 425 4155 δόναται
456 4087 492 4154 δὲ
515 4079 641 4153 κάκεῖνο
668 4084 832 4177 σημαίνειν
860 4080 910 4152 ότι
938 4081 1010 4164 ἓνδς
1036 4074 1126 4164 όντος
1151 4085 1294 4176 πονηροῖν
1322 4082 1450 4150 δίδωσιν
