3146 4832
854 260 893 326 16

767 356 979 364 ——a—

292 451 352 542 ότι,
376 450 437 527 κάν
459 449 481 549 γ’
504 455 637 549 σμικρὸν
658 456 696 528 τὸ
719 451 907 550 ἀφαιρεθέν,
937 465 1057 545 πογνοῖ
1078 456 1133 527 τὸν
1156 450 1377 549 ἀφαιρεθέντα
1399 452 1455 524 διὰ

290 563 346 656 τήν
376 559 529 635 ἀκούσιον
555 560 738 656 ἀφαίρεσιν,
768 564 926 657 ἐπήγαγεν
955 561 1004 635 ὅτι
1032 564 1068 634 τὸ
1096 562 1229 654 σμικρόν
1256 563 1452 654 ἐπισωρεοό-
1519 581 1522 586 ’

290 699 383 760 μενον
397 674 456 760 μέν
469 674 550 760 μέγα
561 700 592 740 τι
607 673 736 760 γίνεται,
752 669 990 764 ἀφαιρούμενον
1002 674 1038 741 δέ
1051 672 1097 754 εἰς
1107 671 1144 740 τό
1155 673 1256 764 μηδὲν
1271 671 1452 761 καταλήγει·

291 774 372 849 diors
398 778 529 861 εἰκότως
557 783 658 849 λυπεῖ
679 780 736 848 καὶ
758 778 794 848 τό
810 778 944 871 σμικρὸν
961 773 1204 870 ἀφαιρούμενον.
1227 779 1284 847 καί
1307 778 1338 847 εἰ
1359 784 1455 847 τοῦτο

291 879 422 979 ἀληθές,
439 880 549 977 ὀρθῶς
563 880 782 979 Ἀριστοτέλης
798 885 901 974 ἔλεγεν
918 881 966 955 ότι
981 886 1140 976 χείριστον
1154 891 1219 954 τῶν
1233 887 1265 954 ἐν
1280 891 1327 975 τηῖ
1341 885 1403 974 βίην
1419 882 1455 953 τὸ

289 991 335 1086 μή
350 992 444 1085 παρὰ
458 999 554 1062 τούτο
569 993 756 1081 λεγόμενον·
773 993 801 1062 εί
816 991 875 1082 γάρ
891 1000 1124 1085 καταφρονοῖτο
1140 988 1185 1075 ῶς
1194 990 1309 1082 μικρὸν
1320 994 1456 1060 ἕκαστον

291 1101 348 1168 καί
371 1101 597 1189 ἐπιλέγοιμεν·
615 1096 672 1191 (μή
695 1098 789 1189 παρὰ
809 1102 926 1185 τοῦτο),
950 1106 1057 1182 κακῶς
1074 1098 1240 1190 πράξομεν
1255 1121 1262 1134 ·
1279 1101 1311 1168 ἐν
1325 1101 1385 1186 μὲν
1401 1091 1456 1168 οὖν

291 1206 489 1294 οἰκονομίαις
503 1207 681 1295 λιμῶξομεν
695 1211 790 1276 τούτο
806 1202 859 1276 ἀεὶ
875 1207 1068 1299 ἐπᾴδοντες·
1085 1209 1117 1276 ἐν
1133 1209 1169 1275 δέ
1184 1210 1222 1299 τῇ
1238 1206 1346 1298 διαίτη
1362 1205 1455 1297 νοσή-

290 1339 395 1401 σομεν,
411 1314 572 1396 πολλάκις
586 1316 646 1402 μὲν
667 1320 872 1405 παρορῶντες
882 1313 920 1383 τό
937 1306 1045 1405 ὀρθόν,
1061 1316 1203 1403 λέγοντες
1218 1316 1254 1382 δέ
1270 1312 1385 1405 ταύτην
1399 1311 1456 1406 τήν

291 1420 400 1513 φωνήν
415 1440 422 1455 ·
439 1416 459 1512 ή
474 1419 533 1514 γὰρ
555 1415 635 1490 καθ)
659 1420 695 1489 ἐν
719 1422 853 1490 ἕκαστον
877 1420 1046 1511 ἐπίλειψις
1067 1421 1206 1514 μεγάλην
1228 1414 1373 1512 ἀθροίζει
1391 1426 1458 1500 τοῖς

290 1531 458 1620 παρορῶσι
480 1527 536 1619 τήν
558 1528 681 1620 βλάβην
704 1528 871 1593 Plutarcho
894 1527 1052 1593 redditum
1072 1537 1122 1594 est
1135 1536 1265 1614 propter
1279 1526 1458 1592 similitudi-

290 1657 362 1700 nem
377 1658 457 1721 quae
473 1636 502 1700 ei
517 1635 684 1701 intercedit
706 1658 776 1700 oum
798 1635 868 1700 looo
889 1638 943 1721 qui
966 1642 1015 1701 est
1037 1635 1076 1700 de
1091 1634 1171 1722 pros.
1183 1635 1216 1699 in
1231 1635 1302 1701 virt
1314 1637 1455 1721 oap.17:

291 1736 401 1831 ῶσπερ
416 1742 475 1834 γὰρ
499 1742 528 1811 oi
552 1741 590 1811 τὸ
612 1742 805 1834 πλουτήσειν
821 1736 1041 1832 ἀπεγνωκότες
1064 1744 1096 1811 ἐν
1119 1736 1224 1811 ούδενί
1246 1742 1393 1811 τίθενται
1415 1739 1458 1810 τὰ

289 1850 390 1939 μικρὰ
405 1848 635 1942 δαπανήματα,
651 1851 752 1943 μηδέν
768 1850 910 1937 οἰόμενοι
925 1857 1034 1920 ποιεῖν
1049 1850 1131 1977 μέγα
1147 1848 1183 1919 τὸ
1208 1847 1338 1940 μικρὸν)
1352 1854 1458 1941 μικρηῖ

290 1984 353 2025 τινι
367 1958 703 2048 προστιθέμενον,...
721 1952 854 2039 ο.ύτως
876 1959 990 2039 ἐντοῖς
1004 1955 1088 2049 πρὸς
1103 1952 1223 2050 ἀρετήν
1234 1950 1457 2048 πρύγμασινὸ

289 2093 335 2191 μη
324 2063 460 2133 πολλα
478 2071 644 2154 συγχωρῶν
665 2070 711 2154 τῷ
732 2064 766 2133 τί
784 2062 862 2194 γὰρ
860 2063 906 2133 τὸ
921 2063 1015 2154 παρὰ
1036 2071 1169 2149 τοῦτος.
1187 2062 1350 2156 ..δῆλός
1372 2064 1458 2132 ἐστιν

290 2166 352 2263 ήδη
374 2199 406 2239 τι
428 2170 576 2261 καθαρὸν
598 2171 758 2259 κτώμενος
780 2171 892 2262 ἐαυτῷ.

396 2278 540 2343 Alterum
563 2278 713 2344 indicium
736 2279 800 2343 stili
822 2279 1003 2345 Plutarohei
1024 2280 1195 2365 repetimus
1219 2301 1237 2343 a
1260 2277 1365 2344 studio
1380 2277 1458 2342 Plu·

291 2385 391 2451 tarchi
420 2385 517 2451 verba
544 2395 656 2473 poetae
679 2387 791 2472 quavis
823 2388 944 2451 ratione
975 2385 1015 2451 ad
1047 2409 1097 2451 res
1129 2385 1263 2451 morales
1290 2384 1458 2450 referendi.

290 2492 394 2572 Quale
417 2493 596 2579 exemplum
618 2501 668 2558 est
689 2493 899 2579 fragmentum
916 2496 971 2559 18:
993 2487 1185 2584 (ἀρχομένου
1208 2494 1245 2562 δέ
1268 2492 1377 2561 πίθου
1399 2494 1459 2560 καί

291 2594 466 2692 λήγοντοςῖ
492 2601 548 2668 καὶ
571 2603 603 2669 ἐν
625 2607 695 2682 τοῖς
717 2601 870 2690 πατρίοις
892 2602 975 2669 ἐστίν
998 2599 1092 2692 ἑορτή
1115 2600 1287 2688 Πιθοίγια,
1316 2592 1396 2667 καθ’
1419 2592 1459 2691 ἣν

291 2699 364 2777 οότε
388 2706 514 2799 οἰκέτην
538 2702 611 2776 ούτε
636 2706 805 2794 μισθωτὸν
833 2706 947 2798 εἴργειν
970 2713 1027 2798 τῆς
1054 2701 1268 2789 ἀπολαύσεως
1290 2713 1347 2776 τοῦ
1370 2704 1465 2800 οἴνου,

290 2812 425 2902 θεμιτόν
448 2807 497 2905 ήν,
532 2807 614 2882 ἀλλὰ
640 2814 807 2895 θύσαντας
835 2821 919 2883 πᾶσι
948 2813 1154 2901 μεταδιδόναι
1182 2821 1242 2883 τοῦ
1268 2814 1373 2905 δω’ρου
1400 2819 1459 2883 τοῦ

291 2920 456 2991 Διονύσου.
486 2924 593 3003 καλῶς
615 2913 669 2990 οὖν
691 2920 813 3014 εἴρηται
835 2925 900 2990 δεῖν
923 2914 1098 3014 ἀρχομένου
1120 2921 1231 2990 πίθου
1255 2922 1458 3011 κορέσασθαι

291 3030 348 3097 καί
369 3033 410 3121 τή
433 3026 526 3119 ἑορτή
549 3028 750 3119 συμφοίνως·
772 3032 822 3097 δεῖ
844 3030 880 3097 δέ
904 3029 961 3096 καί
983 3032 1120 3120 ’φειδοῦς
1142 3030 1380 3116 ταμιευομένοις
1401 3026 1459 3120 τήν

292 3129 481 3219 ἀπόλαυσιν,
506 3131 584 3204 ῶστε
606 3137 664 3203 καί
686 3135 836 3219 εἰσαῦθις
858 3130 933 3264 ήμῖν
960 3136 1111 3224 γενέσθαι
1139 3137 1196 3204 καί
1224 3129 1345 3218 αὖθις·
1370 3135 1398 3204 εί
1420 3136 1457 3204 δέ

291 3236 569 3324 ἀπαναλωθένιος
590 3269 647 3311 του
669 3241 827 3312 πλείστου
849 3271 885 3312 το
874 3241 1098 3375 λειπόμενον
1111 3239 1264 3332 όλίγον”
1232 3270 1289 3335 ειη,
1312 3239 1457 3373 χαλεπήν

291 3344 375 3419 εἶναι
402 3348 459 3441 τήν
491 3350 614 3480 φειδῶ·
638 3350 708 3420 τότε
738 3350 810 3442 γύρ,
840 3350 936 3482 φησί,
969 3350 1048 3437 τύχα
1076 3378 1116 3418 αν
1150 3352 1206 3476 noi
1228 3349 1371 3444 τραπείη
1400 3350 1458 3417 καί

292 3449 447 3551 ἀχρηστον
469 3457 593 3546 γένοιτο
616 3465 682 3539 τοῖς
707 3454 923 3549 φεισαμένοις.
947 3455 982 3527 τό
1005 3459 1064 3545 μὲν
1088 3485 1143 3526 ουν
1165 3451 1339 3548 ἀρχομένου
1365 3456 1457 3549 κορέ-
1516 3442 1519 3449 ’

293 3570 418 3633 σασθαι
432 3563 585 3633 παιδεύει
602 3562 686 3656 πρὸς
700 3564 889 3634 κοινωνίαν
905 3562 941 3633 τδ
964 3565 1000 3633 δέ
1016 3561 1158 3652 μεσσόθι
1180 3564 1353 3656 φείδεσθαι
1376 3561 1458 3655 πρὸς

292 3670 497 3759 οἰκονομίαν·
513 3669 549 3740 τό
565 3674 602 3740 δὲ
617 3670 760 3764 χαλεπήν
783 3667 866 3740 εἶναι
889 3670 945 3761 τήν
968 3673 1060 3761 ἐντῷ
1076 3655 1226 3759 πυθμένι
1249 3669 1352 3763 φειδῶ
1375 3669 1459 3762 πρὸς

291 3774 476 3848 ἀπόλαυσιν
498 3781 560 3848 τῶν
582 3777 665 3847 κατὰ
687 3778 808 3869 καιρόν.

396 3886 495 3952 Porro
526 3886 701 3974 complures
727 3886 789 3950 loci
816 3908 835 3950 a
862 3885 1010 3951 Soheerio
1037 3886 1067 3969 (l.
1089 3886 1109 3952 l.
1131 3910 1162 3973 p.
1187 3890 1206 3951 9
1230 3890 1307 3972 sqq.)
1335 3885 1459 3950 colleoti

293 3993 465 4060 ostendunt
486 3993 688 4060 Plutarchum
716 3995 807 4059 enixe
835 4015 961 4080 operam
989 3992 1115 4060 dedisse
1144 4002 1181 4057 ut
1201 3991 1380 4058 Hesiodum
1403 3992 1460 4058 de-

290 4102 438 4168 fenderet
459 4102 499 4168 ab
524 4101 692 4189 opprobrio
715 4107 772 4170 τού
795 4093 921 4171 ἀτόπου
943 4101 1001 4170 καί
1022 4101 1155 4192 γελοίου.
1193 4100 1297 4172 Velut
1318 4099 1396 4164 dieit
1418 4099 1459 4166 de
1556 4122 1557 4129 ¹
